6934 5950
1566 649 1796 694 ...αμ-

896 687 942 763 dd
1043 683 1047 700 '

1125 844 1318 920 Dilienius
1335 841 1463 915 florem
1478 845 1687 934 masculum
1704 841 1939 916 discoideum
1954 841 2043 916 fistit
2064 867 2090 918 t.
2100 847 2126 919 ῐ.
2137 849 2169 943 s.
2181 849 2243 934 68.
2252 854 2305 936 Ε,
2332 849 2396 922 sed
2414 855 2535 928 ob

771 1028 775 1034 .
893 948 1062 1040 seruarite
1076 962 1282 1059 Hedwigio
1300 984 1386 1032 vere
1401 957 1693 1056 capitulisormis
1721 935 1799 1030 est.
1836 963 1954 1056 Stirps
1979 966 2140 1035 mascula
2162 990 2209 1036 ex
2218 966 2310 1058 ipso
2332 973 2488 1061 pei-iau.

893 1078 1327 1153 thiosemelinnouana
1377 1078 1464 1147 Flos
1479 1076 1669 1147 masculus
1687 1074 1958 1167 sphaeroideus
1989 1103 2156 1172 croceus
2184 1079 2493 1190 efoliisouatis

896 1196 1091 1282 concauis,
1119 1192 1221 1286 apice
1248 1195 1426 1288 elongato
1452 1181 1693 1261 denticulatis
1718 1187 1907 1281 constans,
1932 1181 2159 1292 genitalibus
2178 1193 2358 1322 m'aaculis
2379 1221 2492 1300 pata·

895 1310 1031 1405 physcs
1047 1310 1229 1405 plurimas
1248 1307 1436 1386 admixtas
1451 1303 1601 1378 fouens.

1126 1534 1329 1610 Fertilibus
1352 1531 1528 1630 sticpibus
1545 1550 1622 1604 tam
1643 1532 1890 1629 capituliferis
1913 1559 2023 1633 quam
2040 1536 2278 1635 capsuligeris
2302 1539 2386 1612 n'on
2403 1563 2490 1617 rere

894 1650 1097 1726 indiuidua
1117 1649 1254 1725 sterilia
1271 1633 1486 1747 promiscue
1498 1648 1730 1750 associantpr,
1753 1653 1944 1750 longiora,
1970 1647 2493 1760 erectisiiulbiferapnempo
2536 1713 2543 1726 .

861 1787 873 1804 ‘
897 1777 1118 1870 cotpuscula
1141 1774 1322 1871 quaedam
1344 1774 1593 1861 subrotunda,
1622 1794 1825 1866 purpurea,
1851 1786 1955 1841 tactu
1974 1772 2084 1842 valde
2099 1757 2495 1884 caducajpeliucida,

822 1981 825 1986 Ι
896 1890 939 1960 in
961 1889 1145 1962 foliorum
1164 1890 1398 1984 superiorum
1413 1890 1496 1979 alis,
1522 1913 1625 1959 nunc
1639 1886 1813 1974 solitaria,
1841 1911 1943 1957 nunc
1960 1887 2056 1972 bina,
2084 1904 2188 1957 terna
2204 1888 2283 1972 imp
2299 1887 2497 1984 et'quina,
2560 1923 2564 1932 ·

895 2001 1081 2094 fouentia,
1108 2022 1202 2100 qnae
1217 2008 1434 2099 corpuscula
1451 2007 1549 2075 nihil
1564 2004 1667 2075 aliud
1682 2000 1750 2072 elie
1762 2002 1939 2072 videntur
1958 2028 2070 2098 quam
2086 2027 2251 2101 gemmae
2266 2004 2498 2097 proditum
2520 2025 2536 2046 ⁸

876 2118 1144 2202 innquationi
1160 2117 1401 2193 seruientes.‘
1430 2127 1623 2193 Caeterum
1644 2142 1764 2191 errore
1784 2117 1825 2187 in
1843 2134 1919 2188 tam
1943 2117 2121 2190 tenuibus
2146 2118 2329 2189 necdum
2352 2118 2411 2189 [at
2425 2119 2498 2192 ob·

894 2235 1050 2310 seruatis
1070 2232 1244 2330 stirpibus
1260 2238 1328 2309 vix
1343 2233 1577 2334 effugiendo,
1599 2234 1675 2306 viri
1696 2234 1738 2304 in
1762 2259 1799 2304 re
1814 2221 1984 2332 ¹herbarii
2007 2233 2167 2306 maximi
2188 2231 2390 2328 ponderis,
2419 2244 2497 2309 Oe-

897 2350 1026 2440 derus‚
1052 2355 1269 2440 Gunnerus,
1298 2355 1523 2440 libramus,
1555 2350 1868 2443 Trentepohlius,
1894 2347 2076 2436 Rothius,
2104 2345 2365 2425 Hoffmannus
2387 2353 2496 2426 indi·

796 2541 798 2545 .
839 2539 842 2544 ,
893 2465 1018 2560 vidua
1028 2464 1087 2536 his
1105 2468 1324 2562 gemmaceis
1345 2465 1616 2562 propaginibus
1639 2447 2259 2562 dnufia‘etabsque'ipe'ciminibus
2281 2469 2496 2568 capsuli'ge·

895 2579 949 2650 ris
977 2597 1139 2674 reperta,
1172 2605 1241 2676 pro
1261 2581 1382 2686 specie
1402 2573 1574 2652 distincti
1603 2579 1851 2649 habuerunt..
1879 2580 1981 2682 Quin
2009 2598 2046 2650 et
2068 2577 2351 2670 Hoffmannus,
2383 2589 2495 2681 quod

895 2691 1109 2767 humanam
1129 2693 1197 2785 est,
1235 2697 1353 2768 tantis
1377 2691 1845 2787 auctoritatibus·suisque
1867 2691 1982 2787 ipsius
2010 2696 2130 2765 oculis
2161 2696 2341 2791 deceptus
2366 2725 2493 2798 genus

895 2812 1093 2906 proprium
1120 2835 1223 2883 nunc
1246 2812 1327 2883 iure
1347 2811 1484 2882 iterum
1507 2809 1693 2879 abolitum
1719 2806 1786 2876 sub
1808 2809 1964 2879 nomine
1987 2814 2221 2902 Treutepchlia
2250 2815 2429 2888 condidit
2452 2837 2494 2890 et

895 2927 1006 2998 icone
1028 2926 1149 2998 nitida
1164 2926 1343 3000 illustrare
1368 2942 1524 2997 conatus
1548 2921 1607 2995 est.
1660 2921 1770 3018 Quod
1795 2924 2020 3019 Hedwigius
2044 2926 2240 3020 increpans
2271 2930 2378 3003 haud
2398 2931 2494 3009 satis

891 3042 1113 3113 humaniter·
1127 3040 1226 3113 forte
1243 3044 1283 3112 in
1298 3045 1381 3113 loco
1405 3041 1517 3111 citato
1540 3040 1647 3127 dicit,
1669 3038 1704 3108 se
1724 3036 1814 3108 huic
1828 3039 1961 3130 speciei
1981 3040 2165 3137 integram
2189 3042 2356 3115 tabulam
2374 3048 2494 3123 didu-

895 3156 1125 3249 ctioremque
1139 3156 1426 3251 descriptionem
1446 3152 1675 3226 destinauilie
1690 3171 1763 3243 „vt
1780 3179 1823 3225 eo
1838 3155 2053 3255 euidentius
2069 3145 2339 3247 festinantioris
2360 3162 2490 3237 obser.

892 3272 1079 3357 cationis,
1107 3298 1148 3342 ac
1162 3269 1382 3367 praeposteri
1398 3271 1533 3342 decreti
1555 3273 1648 3342 circa
1669 3287 1823 3353 naturae
1845 3271 2024 3364 producta
2044 3273 2224 3346 damnum
2239 3266 2416 3351 eliiceat.”
2436 3320 2489 3344 .-

892 3387 1066 3460 Huiusce
1080 3388 1367 3483 Trentepohliae
1382 3389 1581 3458 indiuidua
1596 3412 1711 3483 prope
1727 3394 1916 3459 Odcrbruck
1932 3388 1974 3458 in
1989 3391 2175 3482 Hercynia
2191 3394 2487 3488 lectapoffideo.

892 3509 1084 3576 Caeterum
1102 3507 1287 3579 Swarzius
1302 3503 1430 3600 stirpes
1449 3525 1531 3578 tum
1547 3507 1729 3578 masculas
1747 3528 1859 3602 quam
1874 3501 2083 3599 ¹foemineae
2101 3510 2240 3602 pariter
2265 3492 2485 3591 bidbiferin

893 3616 1117 3699 obseruauit.

1120 3854 1190 3925 Pro
1211 3852 1281 3927 soli
1304 3857 1434 3929 naturi
1459 3851 1691 3952 summopere
1719 3852 1839 3929 variat
1861 3852 1924 3957 hic
1946 3881 2111 3933 muscus.
2171 3860 2202 3931 E
2226 3856 2356 3937 Silefia
2379 3866 2486 3965 Lud-

891 3958 1032 4061 wigius
1047 3965 1145 4037 mifit
1160 3970 1292 4042 habitu
1307 3998 1326 4042 a
1342 3970 1475 4044 nosuis
1491 3994 1527 4043 et
1544 3975 1772 4045 Dillenianis
1788 3977 1943 4069 paulum
1961 3976 2103 4048 diuersa
2121 3976 2338 4071 specimina,
2369 3958 2484 4057 foliis

893 4072 1037 4154 densius
1055 4083 1254 4174 confertis,
1285 4090 1378 4159 lona
1355 4114 1399 4187 e
1414 4107 1655 4180 acuminatis
1679 4090 1721 4160 in
1734 4114 1924 4162 ramorum
1942 4091 2045 4184 apice
2061 4087 2325 4190 grandiffimia.

1117 4312 1319 4389 Indiuidua
1346 4315 1549 4414 quaedam,
1581 4311 1786 4391 affirmante
1806 4313 1976 4388 Dillemo
1998 4345 2031 4409 p
2051 4337 2144 4409 400,
2171 4341 2288 4411 aquae
2309 4320 2488 4414 pluuiali

886 4416 1057 4494 immersa
1081 4427 1253 4518 primum
1267 4439 1576 4505 caerulescentem
1600 4436 1689 4505 inde
1711 4431 1929 4508 subfuseum
1955 4435 2116 4505 colorem
2141 4428 2364 4509 induerunt.
2422 4452 2489 4515 An

886 4524 1087 4611 indiuidua
1111 4540 1243 4637 sterilia
1266 4551 1465 4639 reptantia,
1491 4574 1584 4643 quae
1605 4548 1798 4623 Dillenius
1814 4553 1848 4646 s.
1866 4555 1925 4635 68
1947 4555 1984 4624 F
2010 4546 2206 4648 ligurauit,
2231 4552 2279 4623 ad
2300 4555 2489 4645 plantam
2520 4645 2524 4652 Ι

886 4648 1047 4728 nostram
1062 4658 1277 4752 pertineant
1292 4664 1504 4737 dubitaret⁸
1485 4670 1541 4737 ias
1563 4662 1637 4739 cst.¹

2323 4889 2487 4965 pun
