6934 5950
946 711 1022 786 m
1427 694 2067 730 ................,..-.

990 899 998 960 ξ
1032 933 1036 940 .
1120 878 1294 946 Truncus
1318 868 1394 944 basi
1416 868 1634 958 ascendens,
1656 870 1748 954 inde
1770 889 1933 959 erectus,
1958 867 2127 958 strictus,
2151 869 2292 944 nouem
2314 875 2445 949 uncias
2470 876 2553 952 imo

944 991 1080 1092 pedem
1094 1008 1132 1062 et
1145 992 1242 1062 vltra
1258 990 1416 1084 longus,
1436 983 1537 1057 infra
1554 987 1804 1058 radicularum
1819 986 1994 1085 congerie
2009 988 2171 1058 tomenti
2187 987 2259 1057 rufi
2275 987 2389 1061 instar
2397 992 2555 1082 obsitus,

947 1108 1039 1178 inde
1052 1108 1167 1202 longe
1180 1104 1307 1176 nudus
1323 1121 1388 1173 aut
1404 1118 1554 1178 tantum
1569 1101 1732 1197 squamis
1743 1103 1925 1178 brunneis
1939 1102 2237 1196 opicetruncatis
2252 1104 2343 1176 huic
2358 1106 2559 1192 arctissime

948 1218 1161 1316 commissis,
1188 1217 1419 1290 ascendendo
1434 1234 1560 1287 autem
1572 1216 1616 1286 in
1631 1214 1726 1288 folia
1743 1221 1888 1291 caulina
1905 1219 2088 1317 gradatim
2102 1216 2341 1312 abeuntibus,
2355 1221 2409 1292 ita
2423 1241 2468 1292 vt
2484 1224 2555 1294 vix

948 1334 1106 1431 separari
1120 1331 1273 1429 possint,
1298 1329 1478 1422 vestitus,
1503 1317 1685 1429 trigonus'
1705 1334 1855 1430 angulis
1878 1333 2066 1406 subacutis
2083 1329 2266 1425 simulque
2289 1335 2332 1406 in
2350 1323 2487 1430 spiram
2500 1340 2554 1409 le·
2584 1366 2586 1369 ·

947 1451 1051 1524 niter
1064 1465 1280 1536 contortus,
1304 1450 1429 1519 colore
1446 1444 1588 1519 fuscus.
1641 1453 1836 1519 Truncum
1859 1449 2065 1545 simplicem
2081 1446 2260 1517 terminat
2277 1448 2556 1525 fasciculum·

947 1563 1101 1640 indrum
1114 1566 1158 1636 in
1174 1563 1313 1635 flabelli
1328 1559 1490 1634 formam
1506 1560 1580 1674 sgse
1595 1565 1887 1656 explicantium,
1912 1565 2212 1661 subaequalium‚
2233 1566 2457 1661 plerumque
2471 1565 2558 1639 sim·

947 1684 1110 1781 plicium
1122 1682 1400 1756 nonnullorum
1414 1702 1504 1750 uero
1520 1678 1763 1753 ramosonun.
1816 1684 1920 1753 Hinc
1934 1683 2023 1754 huic
2040 1679 2145 1775 stirpi
2160 1679 2274 1752 facies
2290 1663 2557 1778 elegantissime

949 1799 1191 1930 dpndroidea.
1257 1798 1362 1869 Folia
1385 1795 1533 1873 caulina
1553 1794 1681 1869 versus
1709 1798 1853 1900 apicem
1876 1801 2001 1878 trunci
2022 1823 2134 1898 quem
2157 1796 2326 1892 prorsus
2332 1797 2512 1888 obuelant
2533 1823 2557 1870 ο

949 1901 1116 2018 sqiiamis
1138 1930 1238 2001 orta,
1266 1910 1376 1983 dense
1399 1907 1586 1992 conserta.
1612 1908 1686 1981 basi
1701 1913 1888 2005 pelluctda
1902 1907 2072 1992 latissima
2088 1913 2223 1998 trunci,
2244 1909 2443 2002 dimidiam
2457 1937 2556 2029 pen·

870 2047 874 2054 ·
950 2029 1122 2126 pheriam
1134 2026 1415 2132 amplectentia,
1434 2049 1552 2098 neruo
1569 2025 1699 2104 valido
1723 2028 1922 2127 percursa
1911 2055 1953 2099 ιιι
1973 2031 2130 2128 longam
2145 2024 2293 2100 aristam
2311 1985 2563 2124 ιιιιιιιιιιῑιιιιιιιιἱ

950 2135 1113 2222 siccitate
1108 2145 1299 2246 patulam
1319 2141 1557 2241 rigidamque
1578 2159 1749 2216 exeunte.
1808 2144 1912 2219 Folia
1931 2162 2050 2217 tamea
2072 2139 2294 2274 longissima,
2308 2159 2442 2237 utpote
2464 2161 2553 2216 octo

950 2261 1000 2334 ad
1016 2259 1144 2331 decem
1156 2258 1276 2333 hneas
1290 2260 1424 2354 longa
1451 2250 1568 2323 ebali
1581 2274 1786 2350 vaomante
1799 2257 1955 2327 hnean
1963 2257 2153 2345 subulata,
2180 2257 2359 2346 carinam,
2383 2259 2559 2380 margine

950 2369 1108 2460 serrata,
1133 2370 1257 2444 carina
1277 2368 1345 2440 sub
1366 2368 1509 2461 apicem
1531 2365 1670 2454 scabra,
1697 2371 1958 2444 uemovalido
1973 2369 2169 2460 instructa,
2194 2369 2426 2450 humiditate
2439 2369 2559 2463 rec'ta,

949 2488 1141 2590 patentia,
1164 2484 1326 2560 siccitate
1340 2507 1429 2555 vero
1447 2480 1683 2578 summopere
1704 2503 1877 2557 contorta
1898 2490 2180 2588 conuolutaque
2203 2486 2414 2594 cirrhorum
2426 2483 2552 2561 instit.

952 2605 1070 2678 color
1081 2599 1268 2679 foliomm
1285 2618 1323 2672 et
1337 2597 1456 2674 totius
1471 2600 1622 2700 plantae
1635 2598 1762 2688 rusus,
1791 2627 1859 2697 qur
1846 2599 2005 2694 ‘'forte
1994 2628 2035 2673 ιιι
2051 2601 2318 2699 speciminibus
2340 2579 2555 2680 recentiori·

951 2721 1027 2834 bue
1051 2718 1148 2792 alius
1172 2734 1210 2786 et
1230 2715 1346 2792 Iatior
1369 2711 1431 2793 est
1482 2713 1770 2792 Fructificatio
1758 2742 1801 2792 ιιι
1818 2716 2086 2812 speciminibus
2108 2715 2299 2809 omnibus,
2318 2742 2413 2830 quae
2430 2717 2555 2792 oculis

951 2837 1050 2911 m'eis
1066 2833 1228 2907 subiecta
1244 2830 1359 2920 fuere,
1372 2832 1506 2903 deerat.
1545 2836 1596 2901 At
1611 2830 1783 2919 habitus,
1809 2830 2067 2930 foliorumque
2087 2833 2210 2907 forma
2230 2851 2268 2906 et
2286 2805 2466 2909 stiucmra
2486 2829 2557 2908 du·

949 2952 1075 3025 bitere
1095 2973 1175 3024 non
1197 2946 1336 3036 finunt,
1362 2948 1458 3043 quin
1474 2951 1702 3038 Polytrichum
1730 2946 1776 3018 fit
1802 2946 1923 3024 nostra
1943 2953 2090 3051 planta,
2120 2951 2241 3028 totius
2265 2949 2408 3054 gentis,
2445 2965 2490 3029 ιι
2506 2971 2557 3024 ex

953 3068 1069 3149 icone
1089 3065 1211 3141 facilc-
1223 3086 1369 3138 cernere
1384 3060 1454 3152 est,
1481 3058 1747 3137 formofiffima.
2620 3073 2626 3085 '

979 3248 983 3259 Ι
1128 3301 1189 3373 Ex
1207 3292 1373 3370 amicitia
1396 3294 1441 3365 cl.
1464 3292 1509 3365 dc
1529 3289 1661 3368 Iuffieu
1679 3293 1786 3368 illam
1801 3293 1976 3389 possideo.

1069 3562 1328 3644 ementibus
1349 3560 1527 3644 integris
1549 3583 1623 3642 per
1644 3564 1763 3643 peria
1783 3569 2095 3648 approximatio
2117 3573 2184 3634 seu
2203 3577 2459 3657 geminatis..
2497 3573 2500 3605 ²

1475 3755 2029 3829 x11.st>1.acHNun1.

1001 3956 1119 4031 Germ.
1148 3945 1413 4021 Schimrmoos.
1465 3948 1720 4021 Blasenmoos.
1781 3957 2224 4049 Ga11.8planc.1’n·asot.
2280 3942 2378 4061 Aug).
2399 3969 2555 4064 'Spladp

1089 4091 1197 4142 num.
1253 4070 1349 4162 Jral.
1366 4067 1536 4159 Splacno.
1593 4070 1686 4140 11011.
1703 4067 1945 4141 Parasolmos.
2008 4079 2099 4147 Dan.
2125 4075 2392 4176 Skyggeknop.
2456 4090 2555 4160 Suco·

1091 4177 1365 4275 Parasolmoffa.
1431 4271 1434 4281 „

1123 4419 1205 4488 obs.
1228 4394 1379 4484 Nomen
1402 4433 1584 4507 graecum,
1607 4414 1710 4508 quod
1740 4415 1840 4510 apud
1861 4414 2121 4489 Dioscoridem
2135 4421 2303 4513 primum
2326 4427 2487 4498 occurrit
2515 4454 2554 4507 et

1085 4533 1242 4606 suichcm's
1257 4528 1414 4622 speciem
1430 4507 1630 4622 quamdam
1645 4530 1821 4629 designat.
1872 4534 1976 4605 Illud
1990 4535 2181 4609 Linnaeus
2201 4543 2329 4635 generi
2350 4567 2454 4617 ιιοιιο
2474 4569 2495 4614 a
2514 4544 2553 4615 se

1087 4646 1243 4719 condito
1260 4640 1459 4738 imposuit,
1486 4644 1714 4743 Hedwrgtus
1729 4663 1899 4722 rennuit
1949 4657 2067 4728 Hedw
2075 4653 2181 4752 fund
2196 4682 2307 4739 ιιιιιιι.
2304 4665 2361 4741 V
2376 4664 2424 4798 Ι1
2436 4686 2473 4758 p
2464 4678 2551 4746 88.

1087 4767 1206 4839 1111111.
1226 4766 1336 4843 Matr
1341 4759 1466 4860 fronti·
1480 4764 1520 4839 V.
1536 4764 1588 4839 Π.
1605 4788 1650 4859 p.
1642 4772 1717 4850 35.

2392 4977 2553 5100 'spuen-
