6934 5950
885 828 935 900 74

883 1005 921 1058 et
935 984 1018 1058 vice
1032 975 1132 1052 versa
1147 971 1434 1050 contenderunt.
1487 962 1591 1040 Hinc
1607 959 1752 1040 factum
1774 958 1846 1052 est,
1871 977 1916 1036 vt
1935 955 2161 1057 posteriores
2179 959 2506 1054 nomenclatores,

884 1099 1051 1194 exceptis
1076 1113 1201 1166 tanaen
1221 1091 1411 1178 Neclrcro,
1434 1079 1852 1172 Weiffimeehrankio
1873 1079 2084 1177 paucisque
2108 1077 2197 1152 aliis
2221 1079 2383 1152 nomina
2406 1077 2509 1154 Lina

876 1241 1025 1296 macana
1053 1207 1377 1307 pernsutauerint,
1415 1201 1568 1300 ipseque
1599 1196 1796 1276 Montius
1820 1195 1902 1296 Spst.
1929 1203 2013 1290 Veg.
2042 1195 2150 1272 tran.
2175 1203 2225 1270 ed.
2249 1203 2334 1272 tw.
2356 1195 2510 1274 bartam

884 1333 1090 1430 specierum
1106 1333 1326 1420 synonyma
1338 1323 1558 1404 Linnaeona
1572 1313 1771 1400 emendare
1789 1315 2006 1394 tentauerit.
2063 1313 2127 1390 sic
2140 1334 2311 1404 maneam
2335 1315 2510 1392 Linnaei

881 1448 1043 1528 nomina
1059 1441 1246 1516 restituere
1261 1465 1341 1516 non
1356 1435 1569 1538 adgrediar,
1596 1457 1646 1507 nc
1659 1455 1761 1504 noua
1771 1429 1943 1508 confusio
1958 1431 2052 1510 inde
2068 1431 2216 1508 oriatur
2231 1451 2269 1506 et
2284 1459 2381 1530 quae
2395 1457 2512 1524 nune

884 1566 955 1639 vsu
977 1581 1015 1636 et
1045 1559 1266 1638 auctoritate
1287 1545 1520 1638 summorum
1542 1549 1620 1624 sere
1649 1547 1734 1634 seui
1763 1545 1883 1624 nostri
1907 1548 2185 1626 Botnnioorum
2211 1547 2375 1626 stabilita
2399 1551 2509 1642 scint,

886 1679 1071 1754 retinebo.
1122 1677 1337 1748 Linnaeum
1353 1697 1443 1746 vero
1461 1670 1504 1742 in
1522 1675 1647 1763 Hypso
1662 1673 1840 1758 parietina
1864 1665 2084 1742 Dillenium
2110 1665 2213 1742 haud
2235 1665 2514 1764 intempestiue

886 1793 1077 1872 adduxisse
1093 1793 1206 1868 nobis
1224 1790 1422 1878 concedet,
1454 1785 1524 1883 qui
1541 1785 1624 1858 eius
1650 1781 1872 1864 definitioni
1893 1783 2105 1858 attenderit
2120 1786 2274 1880 surculis
2284 1793 2515 1882 plano-pirr-

883 1923 1003 1999 sratt'r,
1029 1917 1254 1996 contineatis,
1286 1907 1391 2004 qued
1412 1904 1579 2000 prosifero
1602 1901 1859 1980 recentiorum
1883 1919 1923 1974 et
1944 1901 2052 1980 iconi
2080 1924 2132 1992 13
2161 1901 2335 1978 Dillenii·
2349 1919 2516 1982 tantum
2570 1961 2577 1968 .

886 2029 1091 2108 conuenire
1105 2021 1223 2120 potest
1232 2053 1245 2110 ;
1278 2049 1369 2098 nam
1394 2023 1438 2096 in
1460 2019 1643 2118 peculiari
1673 2015 1741 2092 ists
1770 2018 1911 2092 surculi
1938 2043 1986 2092 ax
2008 2020 2152 2098 annius
2178 2020 2515 2098 innonationibus

887 2143 1177 2224 continuatione
1189 2139 1381 2236 specisicua
1391 2141 1577 2212 character
1586 2136 1703 2209 huius
1712 2136 1837 2208 musci
1847 2137 2102 2234 quaerendus.
2136 2143 2519 2234 PraeteresHapm

887 2263 1108 2346 retentatum
1120 2261 1284 2354 prosilero
1303 2255 1368 2344 suo
1384 2256 1621 2328 simillimum
1637 2251 1706 2326 esse
1722 2253 1837 2344 dicit,
1863 2254 1968 2351 quod
1992 2255 2041 2330 do
2051 2257 2223 2354 prolisrro
2247 2255 2521 2332 recentiorum

886 2379 1048 2460 minime
1067 2399 1201 2448 verum
1224 2369 1294 2462 est,
1328 2369 1391 2442 scd
1411 2387 1563 2444 tantum
1586 2370 1633 2442 de
1655 2368 1814 2444 illorum
1840 2379 2033 2466 parietina.
2088 2372 2129 2446 si
2144 2371 2338 2454 Linnaeus
2353 2387 2453 2448 vero
2469 2373 2532 2450 itt*

886 2495 1040 2574 caeteris
1065 2487 1301 2586 synonymis
1330 2486 1567 2560 adducendis
1591 2483 1758 2574 errauit,
1807 2510 1921 2582 quem
1945 2513 2109 2562 errorem
2130 2491 2173 2562 in
2208 2485 2419 2584 systemate
2442 2489 2530 2568 suo'

888 2625 1054 2694 Naturae
1078 2607 1289 2708 castigouit‚
1314 2605 1416 2680 illud
1437 2601 1600 2686 minime
1622 2601 1778 2682 mirum.
1837 2608 1971 2684 icones
1996 2607 2119 2698 enim,
2155 2631 2250 2706 quac
2274 2607 2344 2680 bas
2368 2607 2520 2706 species
2626 2677 2638 2684 .

888 2731 1036 2820 sistunt,
1062 2727 1131 2812 vis
1154 2721 1490 2810 innumerabiles,
1516 2737 1556 2794 et
1573 2721 1682 2795 nulla
1703 2720 1805 2793 inter
1827 2723 1914 2798 illas
1944 2726 2075 2818 datur,
2103 2753 2153 2800 ne
2172 2725 2414 2802 Dilleninnie
2432 2727 2522 2824 qui.

891 2855 980 2930 dem
1002 2846 1190 2944 exceptis,
1210 2868 1305 2942 quae
1319 2848 1366 2920 H.
1379 2843 1544 2941 prosilers
1563 2855 1601 2918 et
1617 2848 1790 2938 pertertare
1807 2837 2065 2917 differentiam
2079 2869 2282 2942 veramque
2305 2843 2523 2942 rtriusqut

892 2973 1029 3051 sociem
1053 2982 1219 3041 accurate
1237 2960 1433 3057 exprimat.
1485 2957 1808 3040 Tottrncfortiana
1822 2961 1948 3039 icone
1969 2965 2205 3051 deterrimist
2230 2961 2522 3049 Voillontianas

889 3090 1067 3166 meliores
1093 3083 1206 3167 sont,
1230 3078 1284 3151 ita
1307 3094 1432 3151 tomen
1451 3090 1496 3149 vt
1519 3076 1673 3159 cuinam
1695 3078 1830 3177 speciei
1851 3080 2085 3184 assignandae
2112 3082 2188 3161 sint
2211 3080 2314 3165 inter
2334 3096 2522 3189 auctore.

889 3210 1088 3303 hucusque
1109 3225 1190 3275 non
1213 3198 1302 3273 satis
1330 3195 1563 3273 conuenerit
2599 3204 2607 3217 =

1124 3492 1398 3571 Denominatio
1421 3493 1648 3591 prosiserum3
1683 3489 1818 3567 erroris
1845 3494 2185 3569 Nomenclatorum
2208 3489 2313 3565 cansa
2335 3491 2514 3569 omnino

899 3615 1063 3689 tollenda
1085 3612 1190 3703 esset,
1225 3636 1311 3683 cunt
1336 3626 1494 3705 utraque
1519 3608 1654 3705 species
1677 3611 1833 3705 perinde
1849 3610 1893 3683 sit
1910 3611 2100 3709 prolifera.
2152 3610 2439 3715 Formofiffinrum
2464 3636 2519 3687 ex·

899 3730 1159 3831 elegantissimi
1184 3730 1224 3801 in
1255 3746 1338 3799 toto
1367 3728 1439 3801 hoc
1458 3752 1589 3827 genere
1615 3725 1757 3819 sormi,
1803 3732 1889 3820 vel,
1922 3748 1966 3804 vt
1986 3730 2243 3827 Abthorpius‚
2265 3730 2464 3825 splendens
2493 3754 2517 3805 ο

899 3856 1024 3925 coloro
1050 3876 1161 3923 aureo
1185 3848 1350 3935 nitente,
1374 3872 1487 3945 quens
1516 3845 1709 3919 Dillenius
1733 3848 1775 3919 in
1800 3846 1862 3921 sui
1886 3848 2112 3922 definitione
2135 3848 2280 3943 optime
2306 3846 2517 3945 expressit,

900 3972 953 4047 ita
972 3988 1014 4041 vt
1029 3990 1228 4065 ‹prranrnam
1253 3966 1319 4037 ille
1340 3964 1498 4061 speciem
1521 3964 1757 4039 intellexerit
1771 3970 1881 4041 nullo
1904 3967 2024 4043 modo
2052 3964 2220 4069 dubitari
2243 3961 2385 4075 poffit4
2401 3982 2521 4067 pras·¹

898 4088 1032 4165 cedens
1052 4084 1181 4183 potius
1203 4080 1375 4158 dicerem.
1492 4131 1522 4151 ..
2414 4074 2417 4079 ’

942 4450 989 4517 Η.
1019 4448 1229 4533 recognitum
1259 4440 1407 4513 surculo
1422 4441 1669 4516 decumbente
1690 4444 1845 4535 diuiso,
1877 4444 2083 4545 bipinnato
2099 4474 2110 4534 ς
2145 4446 2253 4523 foliis
2282 4446 2511 4531 imbricatis

1043 4560 1479 4651 triquetro-lanceolatis
1497 4617 1507 4649 ,
1522 4563 1625 4659 apice
1656 4562 1874 4659 piliformi,
1898 4554 2048 4657 :strictis
2072 4566 2113 4637 in
2141 4566 2296 4639 ramulis
2322 4568 2516 4647 minimis

1043 4676 1340 4759 „atramentario
1371 4676 1539 4771 capsulae
1561 4704 1718 4754 cernuae
1749 4682 1937 4787 oblongae
1956 4686 2133 4783 operculo
2162 4684 2373 4777 conoidco,
2409 4690 2516 4787 peri·

1045 4790 1169 4867 [introii
1186 4792 1327 4867 interni
1348 4792 1570 4891 processibus
1593 4796 1810 4897 perforatis.
1878 4798 1881 4804 ’
2312 4804 2327 4823 '

2334 5112 2515 5199 ”sam

2544 4488 2613 4575 237.
