6934 5950
1430 712 1474 722 ..-

2481 727 2535 793 ἢ.

1091 893 1267 959 Tntncus
1292 901 1451 968 crectuS,
1480 879 1653 974 simplex,
1688 878 1729 950 in
1755 881 1934 954 omnibus
1958 879 2087 953 saltem
2115 880 2404 975 speciminibus,
2432 907 2526 979 quae

911 1007 1015 1080 milri
1028 1004 1161 1075 vilere
1181 1002 1312 1087 licuit,
1338 998 1547 1069 rubescens.
1599 995 1749 1064 Remuli
1763 997 1922 1069 minime
1940 996 2169 1085 fasciculati,
2196 998 2289 1068 sede
2308 1018 2442 1070 trunco
2455 1025 2525 1071 vn·

910 1127 1109 1218 ‹siquaque
1137 1116 1318 1203 oriundi,
1343 1114 1455 1185 dense
1487 1109 1634 1205 stipati,
1660 1110 1918 1206 subaequalec,
1958 1139 2049 1199 non,
2078 1133 2121 1185 vt
2144 1116 2187 1185 in
2203 1114 2521 1207 praecedentibus,
2562 1122 2577 1166 '¹

907 1268 932 1334 p
950 1239 1073 1309 nduli
1100 1233 1294 1318 deflexiue,
1319 1231 1380 1301 sed
1402 1229 1447 1300 ad
1464 1230 1647 1323 aligerium
1671 1224 1748 1295 fere
1772 1248 1915 1299 rectum
1941 1241 2136 1322 patentes,
2162 1232 2518 1303 nuato-lanceolam

907 1355 1020 1425 Folia
1051 1370 1095 1423 tt
1116 1349 1157 1419 in
1184 1350 1380 1441 cyntbifolio
1402 1346 1584 1440 oblonga,
1619 1366 1800 1430 concaua,
1836 1344 2106 1436 obtusiuscula,
2149 1345 2432 1436 exsusciculata,
2467 1350 2520 1421 al-

907 1453 1019 1542 bitsass
1067 1463 1324 1539 Fructificatio
1339 1462 1474 1531 deerat

1086 1703 1244 1790 Propter
1276 1668 1454 1783 ramulos,
1480 1716 1549 1764 nec
1571 1689 1822 1783 fasciculatos,
1845 1718 1914 1766 nec
1938 1695 2115 1785 deflexos,
2141 1696 2298 1791 speeiem
2325 1696 2518 1795 propriam
2610 1769 2614 1774 .

907 1812 1032 1887 sistere
1057 1813 1224 1883 ridetur,

855 2070 908 2129 ¹7·
963 2052 1003 2121 s,
1029 2044 1178 2144 φυηρ
1200 2057 1335 2111 trunco
1353 2056 1474 2109 erecto
1497 2038 1659 2126 ramoso,
1686 2042 1798 2111 ramis
1820 2040 2073 2134 srmplicibus;
2099 2041 2206 2114 soliis
2233 1993 2403 2119 secundis
2426 2047 2560 2119 lon-5?

1046 2155 1200 2257 gislimis
1214 2152 1698 2249 ,munientem-smmum.
1760 2161 1844 2231 Tus.
1860 2162 1904 2229 V.
1918 2156 1989 2250 fig.-
2001 2178 2048 2242 3.-

1086 2396 1209 2494 Genn.
1241 2388 1467 2485 Juveniscies
1498 2388 1691 2484 Torfmoos,
1750 2390 1844 2461 Gall.
1878 2392 2060 2463 Tourbem
2088 2392 2126 2461 dc
2147 2384 2247 2465 savo.
2297 2392 2509 2487 Spsoignta

1040 2511 1185 2599 leugues·
1197 2504 1348 2600 scuisles.
1817 2516 1820 2520 '
1931 2517 1933 2521 '

1081 2748 1126 2814 In
1141 2742 1260 2835 syluis
1276 2743 1427 2836 Alpinis
1446 2740 1592 2812 Insulae
1611 2743 1718 2813 levae
1736 2742 1784 2813 ad
1799 2761 1971 2814 montem
1985 2744 2204 2814 coeruleum
2220 2760 2258 2812 et
2273 2744 2387 2836 Susert
2402 2768 2504 2817 anno

911 2865 1008 2948 ηδε
1028 2859 1159 2931 Mense
1184 2858 1340 2931 Octobri
1362 2857 1649 2931 Commersonus
1673 2858 1778 2953 legit.
1850 2865 2015 2956 Tempus
2039 2858 2294 2933 florescentiae
2314 2853 2505 2961 ignotum,

905 2980 1050 3075 quippe
1071 2973 1238 3070 capsulae
1256 2975 1420 3048 deerant.
1470 2975 1633 3047 Duratio
1649 2972 1839 3072 perennis.

1083 3213 1255 3277 Tumens
1282 3225 1442 3295 erectus,
1475 3205 1659 3292 ramosus,
1693 3207 1807 3276 ramis
1831 3203 2061 3298 simplicibus
2083 3205 2211 3278 crassis.
2264 3210 2368 3279 Folia
2394 3209 2503 3280 dense

909 3320 1119 3408 imbricata,
1142 3323 1303 3392 adlatus
1321 3347 1441 3392 vnum
1461 3321 1672 3415 spectantia,
1703 3321 2147 3392 canaliculato-subulam
2169 3325 2345 3410 matinata,
2372 3326 2503 3396 ductu·

908 3434 1237 3508 tomm'faseieuto
1254 3439 1432 3523 carentia,
1458 3435 1582 3505 carini
1600 3451 1725 3503 tamen
1746 3435 1935 3503 eminente
1958 3461 2000 3506 ac
2014 3461 2181 3508 neruum·
2194 3437 2407 3525 simulante,
2431 3443 2502 3510 ele-

905 3569 1041 3646 ganter
1066 3553 1278 3638 reticulata,
1322 3551 1540 3645 pellucido·
1556 3566 1751 3644 punctata,
1793 3546 2003 3644 longissima
2025 3569 2158 3644 vtpote
2181 3570 2344 3645 quatuor
2371 3555 2418 3623 ad
2438 3554 2503 3626 sex

903 3668 1026 3738 lineas
1048 3670 1182 3764 lunga,
1211 3665 1392 3741 interiora
1412 3666 1562 3738 sordide
1576 3663 1700 3752 fusca,
1726 3665 1895 3759 suprema
1918 3665 2117 3736 albicantia
2138 3683 2203 3735 aut
2221 3667 2371 3738 eviridi
2386 3671 2503 3749 lutee-

905 3784 1042 3870 centie,
1065 3784 1167 3876 apice
1187 3782 1424 3879 nigricantia.
1476 3782 1728 3852 Fructificatio
1743 3782 1784 3851 in
1803 3781 1981 3851 omnibus
2000 3782 2277 3876 speciminibus,
2296 3785 2501 3880 quaemihi

903 3900 947 3968 in
964 3896 1266 3992 Phytophylucio
1279 3896 1609 3971 Parisieusividere
1625 3897 1805 3994 contigit,
1832 3896 1967 3968 deerat.
2119 3896 2121 3901 ’

1078 4130 1225 4222 Species
1243 4127 1510 4201 distinctissime
1526 4128 1733 4223 habituque
1747 4152 1767 4198 a
1785 4123 1957 4221 Spbognis
1973 4129 2075 4198 inter
2095 4152 2189 4223 quae
2209 4129 2503 4202 eCommersoni

901 4241 1127 4316 auctoritate
1148 4247 1344 4342 relinquo,
1366 4245 1544 4340 plurimis
1568 4247 1611 4315 in
1635 4244 1828 4315 recedente
1850 4244 2059 4337 conspicua.
2111 4245 2298 4338 Equidem
2320 4243 2522 4317 soliorum

902 4356 1086 4431 sirucmra
1101 4362 1241 4448 eadem,
1257 4387 1370 4458 quam
1394 4363 1437 4433 in
1451 4362 1537 4433 aliis
1557 4360 1737 4432 omnibus
1756 4365 1928 4454 Sphagnis
1944 4360 2112 4429 eiusdem
2130 4359 2252 4432 tribue
2272 4359 2341 4431 esse
2357 4361 2502 4454 suadetg
2529 4379 2532 4383 ’

898 4494 939 4543 ut
958 4475 1115 4546 habitus
1139 4476 1216 4548 sere
1231 4486 1376 4553 Dictaei
1388 4482 1540 4577 scoparit'
1558 4483 1636 4570 (B),
1661 4477 1723 4551 sed
1745 4473 1879 4549 statura
1895 4477 2089 4574 grundior,
2115 4474 2284 4574 solisque
2308 4498 2386 4548 non
2409 4477 2531 4555 adeo.-

895 4591 1159 4664 beteromalla.
