6934 5950
988 715 1036 785 26
1470 712 2104 741 Μ’*

988 911 1034 965 vt
1051 892 1279 988 plurimum,
1307 915 1326 959 e
1349 892 1481 992 glauco
1504 887 1651 959 viridis.
1704 885 1880 980 Capl'ulae
1903 887 2061 957 subinde
2084 886 2287 958 secundnm
2309 890 2585 966 caulirnlorurn

988 1006 1272 1105 longitudinem
1288 1006 1473 1109 oriuntur,
1487 1003 1590 1097 quod
1606 1003 1646 1072 in
1664 1000 1743 1094 Spb.
1761 1005 1954 1099 cyrubr'solr‘o
1971 1003 2207 1074 obseruatmn
2220 1030 2298 1073 non
2315 1003 2376 1075 est.
2427 1011 2589 1082 Paludes

990 1123 1200 1224 stagnantes
1215 1138 1254 1191 et
1266 1121 1444 1212 sylunticn
1465 1119 1606 1189 turfola
1625 1118 1659 1189 ei
1673 1116 1859 1188 habitatio
1874 1117 2082 1215 gratiffinra.
2121 1120 2269 1215 Quibus
2294 1122 2365 1190 rite
2384 1126 2586 1218 perpenlis‚

991 1238 1264 1335 Hedwigiique
1278 1236 1499 1307 auctoritate
1514 1233 1644 1321 fretus,
1665 1233 1734 1328 qui
1749 1233 1842 1305 duas
1856 1233 1941 1304 illas
1962 1233 2098 1326 species
2120 1234 2252 1304 eodem
2273 1238 2358 1306 loco
2381 1239 2583 1311 crescentes

992 1355 1248 1449 foliorumque
1260 1347 1510 1423 differentiam
1524 1349 1730 1444 specificam
1743 1347 1931 1420 sementes
1945 1349 2064 1434 vidit,
2086 1373 2148 1421 eas
2162 1349 2324 1444 separare
2339 1377 2420 1423 non
2434 1354 2584 1427 dubito.

992 1469 1208 1544 Ebrhardus
1227 1486 1351 1539 autent
1366 1467 1512 1562 primus
1526 1467 1611 1537 illas
1626 1465 1697 1535 rite
1720 1463 1907 1535 distinxit.

1165 1702 1366 1795 Splugnum
1376 1724 1571 1771 nentoreum
1585 1696 1742 1792 scopolii
1758 1696 1807 1768 ob
1823 1697 2056 1791 pedunculos
2076 1699 2244 1769 laterales
2260 1716 2298 1769 et
2321 1673 2416 1771 folia
2430 1702 2582 1801 angusta

989 1818 1066 1889 buc
1079 1834 1175 1887 certe
1187 1815 1359 1911 pertinet.
1411 1820 1489 1885 Nec
1501 1816 1609 1885 locus
1624 1814 1762 1883 natalis
1777 1811 1905 1900 obstat,
1933 1813 2240 1909 quandoquidem
2250 1819 2581 1914 Spbcapr‘llr'folt'uur

989 1931 1088 2005 milri
1102 1931 1216 2003 etiam
1228 1932 1271 2001 in
1290 1929 1508 2001 nemoribus
1524 1930 1593 2001 vix
1607 1928 1806 2027 uliginosus
1824 1930 1998 2001 oocum't.

1157 2159 1284 2233 Variat
1305 2161 1394 2232 haee
1416 2159 1551 2253 species
1584 2186 1615 2229 1.
1631 2159 1750 2230 Foliis
1773 2157 1916 2246 rubris,
1947 2158 2160 2253 praesertim
2183 2162 2226 2229 in
2248 2178 2381 2232 monte
2402 2167 2579 2233 Bructero

986 2276 1198 2367 Hercyniae
1220 2292 1257 2345 et
1280 2274 1375 2344 saltu
1396 2275 1648 2370 Thuringico,
1676 2274 1743 2344 vbi
1773 2275 1853 2344 laxa
1877 2276 2048 2371 ingentia
2070 2276 2177 2371 aquis
2205 2271 2432 2347 stillantibus
2456 2279 2579 2347 rorida

986 2391 1180 2487 tapetibus
1201 2391 1398 2485 purpureis
1421 2391 1672 2461 obducentem
1687 2389 1782 2461 vidi.
1843 2414 1876 2459 2.
1902 2396 1947 2459 ln
1965 2389 2128 2486 aquosrs,
2156 2391 2324 2462 caulibus
2348 2391 2394 2461 ad
2411 2392 2580 2484 pedale-ru

985 2506 1199 2600 etamplius
1215 2504 1499 2601 longitudinem
1516 2504 1697 2590 extensis,
1717 2504 1825 2576 foliis
1842 2505 2041 2593 subulatis,
2067 2505 2321 2600 planioribus,
2346 2506 2579 2601 patentibus.

990 2620 1116 2692 Huius
1135 2622 1322 2691 ramulum
1337 2620 1528 2691 Dillenius
1547 2640 1571 2691 t.
1591 2644 1647 2707 32.
1658 2624 1689 2717 s
1709 2645 1741 2691 2.
1757 2627 1795 2692 ll.
1821 2618 1921 2691 fisrit.
1974 2619 2035 2692 Est
2058 2638 2183 2691 autent
2206 2620 2406 2713 Splurgnum
2425 2624 2540 2715 euspici
2551 2664 2578 2691 .-

811 2758 1068 2835 mumssum
1089 2738 1202 2809 ramis
1221 2736 1393 2825 deflexis,
1427 2736 1533 2809 foliis
1557 2736 1758 2823 simulatis,
1789 2737 2021 2830 patentibus,
2054 2737 2197 2829 planis,
2222 2737 2580 2808 undidem-acumi-

811 2892 950 2935 esruu.
987 2854 1099 2925 netis.
1151 2854 1556 2949 Hoffln.Drut.fl.V.ll.
1575 2882 1606 2946 p.
1625 2877 1682 2924 αα.
1732 2857 2067 2947 Elrlt.Crypt.o51,
2130 2852 2296 2922 varietas
2320 2852 2405 2922 sane
2429 2855 2576 2923 notubi·

981 2972 1042 3056 lis,
1059 2969 1118 3042 sed
1138 2995 1206 3065 pro
1229 2968 1346 3062 specie
1361 2969 1538 3063 peculiari
1563 2970 1660 3040 mihi
1682 2971 1900 3038 nullatenus
1919 2967 2099 3052 habenda,
2135 2991 2222 3038 cunr
2246 2964 2341 3036 folin
2364 2992 2450 3040 vere
2464 2972 2575 3063 plena

984 3112 1063 3158 non
1077 3084 1168 3172 lint,
1194 3103 1451 3180 praetereaque
1471 3087 1587 3157 caulis
1603 3085 1808 3182 longitudo
1826 3083 1926 3154 nihil
1940 3083 1986 3152 ad
2003 3082 2161 3177 speciem
2179 3079 2305 3153 faciat.

1156 3314 1395 3408 Splagnorum
1413 3315 1596 3411 capsulae,
1622 3331 1779 3386 notante
1812 3314 1982 3387 Murraio
2005 3312 2083 3412 Syst.
2107 3320 2188 3410 Veg.
2204 3339 2239 3408 p.
2265 3326 2350 3407 944.
2372 3335 2460 3384 cum
2479 3309 2573 3383 sono

987 3431 1180 3529 eteropitu
1195 3427 1386 3503 diffiliunt.
2279 3455 2283 3462 ν

1216 3802 1220 3809 ·
1328 3779 1364 3839 2·
1405 3753 1659 3838 Ramutis
1696 3785 1801 3836 non
1834 3748 2224 3869 fasciculatis.
2298 3770 2302 3778 ’

883 4041 896 4098 3
917 4043 947 4114 4,
1042 4014 1076 4082 S.
1100 4006 1336 4101 condensatum
1355 4023 1488 4079 trunco
1505 4026 1623 4079 erecto
1640 4007 1828 4092 indiuiso;
1854 4007 2009 4078 ramulis
2031 4007 2200 4101 Vndique
2222 4004 2419 4097 confertis,
2445 4027 2626 4104 poten-15,

1032 4166 1037 4176 ·
1107 4125 1229 4211 tibus,
1249 4126 1662 4207 onero-lanceolarum
1696 4121 1804 4195 foliis
1831 4123 2029 4222 oblongis,
2066 4123 2261 4211 concauis,
2295 4123 2575 4199 obtusiusculis.

1111 4247 1192 4315 Tuo.
1212 4247 1255 4309 V.
1264 4238 1326 4334 fig.
1339 4244 1387 4309 II.

1153 4478 1279 4546 Germ.
1305 4474 1482 4545 Verdr‘lter
1506 4473 1697 4569 Torsrnoos.
1746 4471 1841 4541 Gall.
1869 4474 2050 4544 Taurum
2077 4471 2264 4566 condense'c.

1155 4703 1300 4776 Parisiis
1322 4704 1363 4775 in
1383 4701 1623 4796 Reipublicae
1646 4700 1829 4774 Herbnrio
1859 4699 1959 4772 inter
1988 4705 2136 4797 plantas
2166 4701 2512 4786 Commersonianas
2538 4708 2577 4779 in

987 4821 1111 4896 turult
1129 4821 1341 4896 Bourbonis
1359 4824 1474 4927 lectus
1491 4819 1586 4894 vidi.
1638 4817 1800 4892 Duratio
1815 4821 1949 4916 procul
1966 4818 2084 4893 dubio
2097 4817 2285 4928 perennis.
2353 4840 2356 4844 ‘

2373 5057 2379 5081 ²
2440 5054 2560 5126 “rum
