6934 5950
1449 740 2060 771 anan—nm·-

1092 954 1128 1013 1.
1149 925 1497 1007 Andreaeam
1519 931 1559 995 et
1587 891 2068 1025 Tr'entepeloliam,
2107 917 2198 1000 iam
2220 916 2497 1027 nuntmagni
2514 919 2646 1000 nomi·

827 1225 830 1231 Ι
880 1116 947 1197 nis
958 1111 1244 1225 scientiaeque
1273 1108 1497 1192 herbariae
1523 1090 1782 1219 peritiffimis
1813 1100 1919 1183 uiris
1941 1085 2052 1185 inter
2073 1087 2245 1188 'rnrcseos
2276 1097 2445 1219 recepta
2471 1104 2649 1212 gazera,

882 1330 911 1381 a
931 1291 1051 1380 neibis
1070 1291 1238 1376 incurib
1257 1284 1547 1406 praeteruisas
1568 1299 1646 1364 aut
1660 1277 1804 1385 fludio
1835 1280 2004 1395 omiffas
2024 1280 2162 1398 suiffe
2180 1286 2505 1398 increpuerunt,
2536 1280 2650 1362 binc·

884 1510 968 1595 que
997 1474 1248 1560 methodum
1268 1466 1463 1594 nostram
1491 1496 1692 1553 mancam
1719 1484 1760 1547 et
1778 1462 2083 1580 incompletam
2106 1464 2184 1580 effe
2203 1497 2253 1547 ac
2263 1464 2566 1583 supplemento
2594 1467 2655 1547 in·

889 1661 1036 1773 digere
1065 1656 1396 1758 contenderunt3
1427 1652 1509 1767 sed
1534 1680 1665 1771 quam
1692 1627 1855 1765 parum
1875 1643 2051 1770 stabili,
2081 1683 2214 1764 quam
2242 1650 2404 1734 caducei
2435 1644 2525 1765 bafi
2550 1652 2654 1736 baec

887 1845 1126 1963 inculpatio
1138 1840 1251 1964 stet,
1283 1844 1473 1924 euincere
1489 1827 1663 1950 difficile
1680 1866 1767 1919 non
1789 1836 1881 1918 erit.
1939 1839 2098 1918 Fateor
2118 1840 2162 1920 A
2171 1826 2462 1920 ndreaeam
2479 1858 2655 1953 petro·

884 1981 1147 2144 pleyllam
1179 2021 1890 2154 (IungermanniapAlpina
1920 2025 2105 2135 Linu.)
2136 2025 2344 2147 maiorem
2375 2055 2472 2105 cum
2500 2027 2655 2111 muscis

887 2203 1044 2330 nostris
1071 2194 1356 2321 affinitatem,
1396 2229 1527 2318 quam
1560 2218 1768 2299 caeteras,
1813 2198 2063 2309 quibuscum
2094 2203 2177 2283 dire
2191 2202 2400 2288 militauit
2427 2212 2491 2291 Iu
2504 2243 2533 2291 n
2543 2243 2654 2321 ger·

890 2392 1166 2493 mannias,
1206 2386 1380 2489 habere,
1402 2376 1502 2497 fiue
1531 2382 1588 2463 ad
1612 2378 1925 2497 periebaetium
1940 2384 2061 2494 setae
2089 2380 2227 2500 bafim
2252 2388 2532 2504 amplectens,
2552 2391 2653 2509 flue
2720 2390 2722 2396 ¹

892 2582 951 2665 ad
980 2575 1226 2691 calyptram
1257 2575 1302 2654 in
1331 2567 1534 2686 capsulae
1562 2567 1681 2683 apice
1697 2566 1792 2681 sese
1813 2568 2097 2685 spectandam
2128 2572 2422 2689 praebentem,
2455 2572 2557 2691 siue
2596 2588 2655 2669 ad

895 2753 1084 2879 operculi
1113 2747 1334 2834 nonnullis
1366 2769 1513 2830 tamen
1536 2747 1754 2829 Batanicis
1783 2745 1924 2829 adbuc
1935 2747 2188 2865 suspectum
2217 2755 2532 2870 rudimentum,
2552 2761 2653 2882 fine

895 2940 1069 3028 tandem
1093 2933 1150 3018 ad
1160 2933 1331 3050 semina
1359 2930 1458 3012 huic
1475 2925 1683 3042 freniculo
1709 2928 1879 3050 elastico
1900 2937 1960 3018 in⁴
1967 2938 2181 3057 plerisque
2202 2947 2232 3030 Ι
2240 2979 2305 3029 un
2313 2980 2462 3058 germ
2475 2964 2653 3096 anniiq

896 3121 1047 3210 celebri
1068 3118 1244 3201 minime
1265 3095 1646 3230 affiaarespiciasg
1688 3133 1737 3195 at
1761 3115 1962 3231 capsulae
1971 3101 2201 3242 structurd
2222 3134 2267 3214 in
2293 3158 2482 3246 quatuor
2499 3125 2654 3242 nahai·-

899 3310 963 3395 las
998 3301 1244 3390 dehiscentis
1276 3331 1301 3380 a
1334 3280 1487 3380 rauseis
1506 3292 1733 3412 frondofis
1758 3321 1845 3385 toto
1876 3305 1987 3389 coelo
2016 3311 2169 3396 recedit
2189 3320 2488 3438 Hepaticisque
2506 3306 2652 3419 *mz'ilta

893 3493 1057 3581 ,arctius
1067 3486 1161 3601 sese
1183 3483 1379 3567 adnectit.
1430 3484 1554 3584 Hinc,
1587 3481 1697 3564 lonico
1738 3487 1891 3598 tirpern
1914 3486 2083 3602 claffem
2105 3496 2368 3605 peculiarem
2387 3486 2649 3626 conticuere,

849 3698 852 3707 .
897 3682 964 3786 emi
987 3678 1105 3774 timo,
1138 3667 1223 3784 quic
1257 3666 1469 3750 mediante
1496 3685 1658 3748 natura
1681 3701 1708 3748 a
1726 3671 1894 3753 Muscis
1922 3671 1980 3774 ael
1995 3677 2228 3789 Hepatiaas
2247 3683 2471 3790 gradatim
2498 3682 2655 3820 transl}

899 3893 1164 3979 magnaeque
1197 3880 1368 3939 catenae
1396 3857 1471 3939 diu
1501 3849 1789 3970 desideratum
1814 3861 2027 3945 amuclum
2049 3865 2167 3952 nobis
2196 3846 2360 3958 tradit(
2443 3845 2658 4002 ¹‘Qttodad

908 4060 1072 4142 Trent
1086 4046 1243 4165 epolol
1251 4049 1268 4128 i
1280 4081 1306 4128 a
1319 4078 1363 4127 m
1393 4044 1559 4163 aliquot
1579 4049 1668 4129 iam
1687 4080 1822 4132 annos
1843 4053 1955 4136 inter
1979 4031 2412 4178 Cryptogamoploilor
2433 4046 2539 4159 adeo
2560 4036 2656 4173 celi·

902 4240 1073 4325 brutam
1086 4236 1266 4358 spectat,
1299 4263 1349 4314 ecc
1368 4229 1583 4315 Schreberi
1602 4232 1659 4313 ad
1677 4237 1950 4347 Hedzoigium
1971 4241 2124 4328 idcirco
2140 4271 2465 4361 percontantem
2484 4215 2651 4378 responss

809 4497 814 4508 .
897 4400 1037 4508 clentis
1052 4416 1267 4531 sententia
1297 4409 1512 4534 ipsiusque
1532 4418 1745 4532 Hedwigii
1764 4427 2030 4536 coniectaria,
2070 4432 2148 4516 illa
2175 4432 2285 4519 nibil
2304 4397 2656 4560 aliud‘effevide.

901 4634 994 4712 tur,
1020 4635 1150 4720 quam
1164 4607 1226 4688 M
1234 4606 1289 4687 ni
1301 4638 1329 4686 u
1341 4636 1385 4686 m
1418 4611 1754 4720 annotinum,
1787 4636 1864 4697 artt
1884 4616 2144 4726 masculum,
2177 4614 2348 4739 ideoque
2365 4615 2456 4737 fine
2475 4586 2655 4743 capficlei

2502 4849 2654 4935 irzdiui·
