6934 5950
1703 573 1726 614 Ι

1677 787 1894 812 m

2517 829 2584 896 115

973 955 1189 1052 specificum
1213 960 1459 1034 characterem
1480 964 1678 1058 praebent,
1714 991 1802 1040 cum
1827 965 2030 1045 fasciculus
2055 976 2120 1049 ille
2146 979 2186 1050 in
2214 985 2319 1055 nulla
2352 1005 2384 1066 ιι
2421 991 2587 1084 serpentis

973 1076 1154 1148 varietate
1179 1077 1422 1170 desideretur,
1456 1084 1633 1174 quamuis
1663 1085 1706 1156 iu
1733 1085 1841 1160 foliis
1877 1095 2110 1166 ramulorum
2132 1099 2199 1170 vix
2222 1069 2507 1197 discernibilis,
2549 1129 2586 1182 et

975 1193 1146 1289 operculi
1161 1191 1284 1267 forma
1299 1195 1342 1266 in
1362 1197 1432 1269 hac
1448 1197 1568 1292 specie
1582 1200 1743 1274 minime
1763 1200 1934 1279 constans
1958 1205 2013 1280 sit.
2066 1212 2157 1284 Vidi
2183 1217 2325 1290 etenim
2347 1221 2389 1292 in
2416 1224 2586 1300 eiusdem

956 1314 1150 1408 „caespitis
1177 1314 1363 1407 plantulis
1389 1320 1611 1410 operculum
1636 1322 1956 1413 nuncconicum,
1996 1352 2100 1400 nrrnc
2125 1331 2583 1434 comeo-acuminatum,
2691 1377 2695 1384 ·

970 1432 1146 1503 acumine
1166 1433 1373 1527 aliquando
1396 1433 1684 1512 incuruiusculo
1710 1457 1749 1510 et
1788 1439 1947 1537 speciem
1978 1446 2140 1520 alienam
2165 1453 2386 1532 mentiente.
2453 1466 2595 1534 Aetate·

835 1643 849 1652 ..
969 1549 1086 1622 etiam
1107 1553 1329 1647 operculum
1345 1555 1457 1625 valde
1480 1555 1718 1631 immutatur.

843 1859 893 1926 ,ν
912 1845 970 1910 v„
1022 1837 1059 1906 3.
1079 1817 1637 1912 Hypnurnvr'rsdesurculisbasr
1652 1821 1863 1919 prostratis,
1890 1829 2093 1923 consertis,
2130 1835 2329 1929 breuibus,
2365 1842 2480 1918 rantis
2501 1847 2581 1920 lon·

853 1949 947 2001 ⁸¹⁹1.
1122 1937 1331 2036 giusculis,
1357 1943 1545 2036 peracutis
1553 1970 1563 2030 3
1589 1941 1696 2018 foliis
1712 1939 1918 2036 subulatis,
1939 1947 2086 2044 capsula
2105 1950 2346 2032 subnutante.
2401 1959 2454 2036 La
2472 1968 2580 2038 Mars

1016 2099 1022 2104 -
1115 2060 1252 2150 Empti.
1273 2063 1474 2131 Mersdot.
1496 2088 1526 2132 a.
1548 2063 1664 2156 lllp.
1691 2081 1772 2146 181.
1866 2155 1871 2165 Ι

1195 2247 1443 2322 AThuilerio
1463 2247 1558 2320 circa
1574 2250 1767 2322 Lutetiam
1787 2268 1977 2346 repertum
1995 2249 2057 2326 est.
2111 2261 2192 2354 Ego
2214 2257 2257 2328 in
2281 2257 2445 2353 Alpibus
2461 2277 2576 2334 terrae

965 2361 1147 2464 adrepens
1171 2365 1259 2467 legi.

1194 2558 1296 2627 Haec
1322 2553 1483 2628 varietas
1504 2553 1634 2624 colore
1657 2549 1819 2622 saturata
1839 2549 1958 2624 viridi
1981 2553 2089 2626 omni
2117 2551 2314 2649 splendore
2338 2553 2516 2632 destituto
2538 2579 2576 2632 et

959 2671 1071 2742 nullo
1087 2671 1164 2743 alio
1182 2673 1308 2746 colore
1324 2671 1522 2757 immixto,
1547 2668 1706 2742 ranurlis
1720 2667 1861 2740 ⁴erectis
1885 2669 2110 2768 plerumque
2134 2671 2353 2767 compositis
2374 2673 2480 2748 soliis
2500 2676 2571 2748 basi

960 2787 1162 2862 latioribus
1194 2787 1390 2860 euidenter
1418 2785 1600 2860 fasciculo
1621 2785 1806 2872 donatis,
1848 2785 2077 2880 pedunculis
2108 2788 2261 2860 tandem
2288 2790 2399 2862 vncia'
2429 2791 2573 2888 serrrper

767 2939 774 2946 ·
958 2903 1200 2981 breuioribus
1235 2905 1436 2979 saturatius
1465 2903 1592 2977 rubria
1630 2919 1670 2975 et
1698 2899 1860 2999 capsulis
1882 2899 2099 2979 minoribus
2131 2904 2253 3005 magis
2275 2904 2470 2983 inclinatis
2497 2910 2570 2987 sese

958 3024 1197 3135 spectandam
1218 3024 1382 3121 praebet.

833 3252 881 3345 '2
892 3286 957 3361 Aa,
997 3309 1173 3393 ,Hypatam
1188 3296 1439 3365 aurasrtr'acrun
1457 3286 1608 3360 sarecto
1631 3306 1805 3381 repente,
1832 3292 1947 3363 ramis
1964 3294 2111 3391 longis,
2138 3292 2390 3391 simplicibus,
2414 3299 2566 3381 erectis;

844 3386 929 3513 :is-
1093 3404 1202 3482 soliis
1235 3432 1256 3479 e
1286 3404 1362 3479 basi
1399 3406 1600 3477 latiuscula
1628 3404 1840 3477 lanceolnto
1859 3406 2114 3481 -acuminatis
2147 3413 2346 3485 euidenter
2374 3411 2560 3506 neruosis,

844 3556 930 3605 sou.
1101 3525 1270 3623 capsulae
1289 3548 1447 3595 cernuae
1468 3524 1646 3618 operculo
1668 3522 1815 3595 conico.

1180 3730 1227 3797 Iu
1243 3724 1407 3821 Alpibus
1423 3723 1566 3795 lectum
1580 3746 1602 3799 a
1615 3722 1707 3799 Clar.
1721 3720 1956 3819 Desuntaines
1977 3725 2113 3822 accepi.

1177 3916 1275 3983 Tota
1289 3912 1432 4003 planta,
1464 3926 1634 3998 truncus,
1659 3904 1765 3994 folia,
1790 3906 2011 4003 pedunculi,
2037 3904 2185 4001 ca'psula
2200 3910 2324 3980 colore
2340 3892 2553 3986 aurantiaco

944 4030 1036 4127 plus
1050 4028 1228 4101 minusve
1259 4028 1384 4099 diluto
1412 4028 1565 4101 micant.
1616 4026 1813 4103 Foliorum
1840 4022 1995 4111 maioris
2023 4024 2236 4096 voluminis
2260 4050 2370 4125 quam
2400 4028 2442 4098 in
2465 4030 2551 4103 aliia

943 4145 1191 4220 varietatibus
1209 4168 1348 4217 neritus
1365 4144 1707 4219 intensecoloratus
1722 4140 1845 4217 oculis
1860 4142 1922 4213 vel
1936 4137 2114 4213 leuiffime
2129 4142 2281 4214 armatis
2292 4138 2550 4245 distinguitur.

757 4262 760 4275 '
832 4310 839 4319 ·
942 4266 1097 4339 Remuli
1114 4264 1320 4362 aliquando
1338 4264 1523 4352 unciales,
1556 4260 1634 4335 sere
1656 4264 1799 4360 semper
1813 4260 2011 4357 simplices.

1170 4454 1273 4525 lnter
1287 4448 1353 4521 has
1366 4443 1567 4520 varietates
1580 4459 1701 4515 certos
1716 4441 1860 4514 limites
1879 4439 2081 4539 sagaciores
2107 4435 2269 4513 statuant
2277 4466 2289 4524 3
2321 4464 2392 4540 ego
2416 4441 2543 4512 nullos

916 4638 922 4645 .
940 4588 1086 4643 inueni.

1169 4748 1336 4840 slypnum
1351 4742 1521 4815 tricsrodcs
1537 4733 1697 4833 capsulis
1715 4733 1895 4833 oblongis
1919 4734 1961 4805 in
1980 4731 2066 4807 setis
2083 4732 2322 4808 breuioribus
2341 4740 2418 4814 Dils.
2434 4762 2542 4813 must.

934 4892 972 4959 ρ.
998 4884 1079 4951 350.
1103 4882 1130 4933 r.
1154 4874 1225 4951 aa·
1237 4864 1267 4957 s.
1293 4864 1353 4946 65.
1376 4856 1515 4953 species
1539 4852 1589 4927 est
1618 4850 1889 4926 distinctissime
1916 4870 1953 4926 et
1984 4852 2031 4926 ad
2056 4852 2162 4927 aliud
2194 4876 2313 4953 genus
2335 4855 2543 4951 pertinens.

851 5030 863 5045 ·
882 5038 890 5045 -
936 4988 1041 5057 Haec
1055 4982 1097 5057 in
1112 4978 1375 5077 supplemento
1389 4972 1625 5049 describetur.

1705 5126 1734 5194 Ρ
1758 5116 1792 5196 a'
2388 5124 2439 5197 Η.
2474 5128 2539 5197 clu·
2613 5192 2615 5197 .

1475 5356 1495 5401 5.·
