6934 5950
937 856 1047 954 apice
1067 841 1232 940 inflexo,
1267 839 1427 927 ficcinre'
1446 839 1672 926 subsecundo
1696 843 1981 950 tumescentia,
2022 847 2177 933 ¹iuniora
2192 861 2382 957 profunde
2395 867 2546 955 tiridia,

939 993 1080 1048 caetera
1098 970 1321 1067 nigricantia
1332 1005 1348 1057 ,·
1367 989 1404 1041 et
1417 968 1597 1042 inferiora
1612 995 1692 1042 non
1706 994 1789 1043 raro
1808 973 1903 1066 aqui
1919 990 1960 1043 et·
1971 973 2150 1049 vetustate
2170 979 2333 1069 corrosa,
2365 982 2444 1053 solo
2462 1009 2545 1055 ner·

936 1113 990 1162 vo
1006 1085 1151 1160 residuo
1173 1086 1390 1178 conspicuo.
1439 1087 1700 1183 Iforigonialia¹
1715 1106 1830 1160 nuato
1844 1128 1860 1144 ·
1875 1088 2105 1180 acuminata,
2128 1117 2308 1185 concaua,
2334 1094 2541 1171 exfascicu·

933 1208 1024 1277 lata.
1075 1200 1354 1274 Personaettatia
1371 1204 1595 1289 lanceolata,
1628 1227 1746 1274 neruo
1764 1199 1954 1277 instructa.
2006 1207 2219 1281 Pedunculi
2242 1212 2285 1282 in
2307 1213 2464 1285 ramulis
2488 1214 2541 1286 la·

932 1319 1117 1392 toralibus
1131 1317 1364 1403 terminales,
1392 1318 1510 1418 rarius
1526 1307 1718 1389 ramorum
1731 1320 1920 1394 maiorum
1934 1323 2085 1416 'apicem
2107 1345 2351 1419 occupantes.
2377 1327 2541 1402 breuisii·

925 1436 1021 1522 ,mis
1047 1457 1206 1506 amoeno
1226 1433 1464 1506 virescentes.
1514 1436 1689 1528 Galyptra
1707 1432 1965 1525 iuteo-fusca,
2007 1440 2358 1532 conice-subulam,
2400 1443 2475 1517 basi
2494 1447 2538 1518 in

928 1553 1061 1645 plures
1076 1548 1234 1621 lacinias
1250 1545 1343 1635 fissa,
1368 1567 1467 1635 recta
1483 1550 1664 1634 secedens,
1717 1552 1841 1622 Theca
1857 1552 2085 1647 perichaetio
2103 1557 2285 1648 immersa,
2310 1579 2437 1649 onata,
2458 1585 2539 1634 ma·

927 1665 1087 1741 turitate
1101 1661 1319 1736 dilutiffime
1335 1663 1432 1738 rufa.
1483 1667 1714 1762 operculum
1734 1667 1905 1766 oblongo
1920 1712 1933 1730 ·
1950 1671 2144 1760 conicum,
2170 1675 2275 1769 apice
2294 1679 2454 1770 paulum
2470 1676 2537 1749 ob·

925 1780 1053 1876 liquo,
1078 1780 1235 1884 superne
1256 1804 1440 1853 croceum.

940 1965 944 1972 ’
1003 1955 1009 1968 ’
1105 1958 1225 2058 Sti'rps
1239 1962 1426 2040 monnica.

1109 2139 1272 2213 Omnino
1287 2139 1540 2235 polymorpho
1554 2141 1694 2232 planta,
1720 2137 1961 2234 carniumque
1976 2142 2232 2238 longitudine,
2257 2141 2442 2237 foliontm
2456 2140 2532 2232 sor·

917 2257 999 2331 ,mi
1013 2255 1310 2352 capsnsntumquc
1324 2256 1431 2349 copia
1452 2272 1490 2326 et
1504 2253 1576 2324 srtu
1595 2253 1831 2344 summopere
1845 2255 2008 2342 varians,
2036 2258 2340 2351 vnde-..plurimun
2357 2277 2463 2331 ortus
2479 2254 2531 2330 est

930 2379 1049 2448 uror.
1085 2371 1290 2460 rAdAruae
1310 2371 1411 2464 ripas
1428 2368 1535 2441 foliis
1552 2368 1733 2442 omnibus
1753 2366 2025 2458 obtusioribus,
2047 2374 2217 2469 margine
2236 2373 2399 2448 crassiore
2414 2392 2452 2446 et
2465 2372 2530 2446 sic·

925 2490 1043 2560 cincta
1057 2488 1272 2558 nullatenus
1288 2484 1525 2581 patentibus,
1547 2484 1609 2556 sed
1624 2501 1759 2555 trunco
1776 2486 1937 2560 omnino
1953 2486 2123 2580 appressrs
2148 2489 2451 2564 circumtortisue
2466 2514 2530 2562 va·

923 2603 1128 2699 riat,.quod
1142 2603 1184 2674 in
1200 2599 1469 2695 speciminibus
1485 2596 1862 2674 aLachenaliomislis
1876 2602 2089 2692 nonvideo,
2105 2629 2270 2701 quorum
2282 2604 2379 2678 solia
2389 2606 2451 2681 vel
2464 2602 2530 2678 stc·

928 2720 1041 2791 citate
1052 2718 1333 2814 patentiuscuia
1347 2731 1551 2788 remanent.

994 2883 998 2894 ¹
1058 2885 1061 2892 ¹
1094 2879 1221 2972 Aliam
1233 2902 1454 2971 varietatem
1474 2875 1619 2970 i’arifiis
1637 2898 1678 2969 in
1694 2896 1864 2969 herbario
1885 2899 2142 2973 Vaillantiano
2159 2899 2373 2977 afferuatam
2389 2919 2427 2973 et
2442 2906 2525 2976 Fon·

916 3026 1048 3125 riualis
1064 3016 1216 3093 iniuriis
1232 3020 1389 3093 nomine
1403 3016 1620 3090 instructam
1634 3017 1733 3105 vidi,
1761 3043 1874 3114 qnam
1896 3019 1959 3091 bic
1972 3004 2175 3092 describere
2184 3010 2322 3115 ¹operae
2335 3017 2524 3116 praetium

920 3134 987 3225 est,
1005 3134 1055 3221 'vt
1070 3136 1159 3207 inde
1174 3136 1327 3227 eluceat,
1351 3136 1493 3231 priscos
1508 3135 1710 3207 Botanicos'
1728 3159 1794 3229 per
1808 3140 2025 3210 Fontinasem
2040 3147 2211 3213 minorem
2233 3110 2324 3210 non·
2335 3136 2449 3207 aliam
2464 3135 2524 3204 in·
2633 3112 2637 3123 ¹

921 3250 1098 3325 cellense
1111 3252 1291 3347 plantam,
1309 3278 1422 3346 quam
1439 3250 1701 3344 Tricaostomum
1710 3254 1964 3344 fontinaloides
1984 3248 2247 3327 recentiorum.
2272 3293 2325 3308 -·
2363 3258 2522 3339 „Surcu-

920 3368 980 3457 ‚,li
995 3362 1168 3455 conferti,
1194 3364 1267 3438 basr
1282 3369 1520 3438 adhaerentes
1536 3364 1684 3435 etfterrir
1700 3364 1855 3431 calcarei
1874 3366 2122 3460 agglutinati,
2144 3368 2239 3438 duos
2256 3366 2302 3436 ad
2318 3384 2392 3437 tres
2407 3364 2521 3460 potti-

916 3508 1005 3574 „cen
1025 3482 1152 3583 longi,
1188 3500 1338 3569 teretes,
1372 3485 1592 3576 plerumque
1611 3462 1813 3570 simplices,
1845 3462 2050 3570 aliquando
2075 3498 2202 3550 tamen
2226 3503 2372 3551 rantum
2395 3502 2519 3550 vnum
2588 3536 2594 3546 .

915 3601 1151 3692 „altmtmne
1165 3600 1338 3672 edentem·
1356 3597 1460 3669 Folia
1476 3599 1560 3667 laxe
1570 3610 1609 3665 et
1624 3591 1701 3664 fere
1715 3589 1903 3665 trifariam
1919 3610 2052 3666 trunco
2071 3594 2338 3690 circumposita,
2357 3594 2521 3667 siccitate

914 3715 1042 3805 „canti
1054 3715 1235 3811 oppressa,
1258 3714 1360 3784 vnde
1373 3713 1717 3785 smculorumteres
1735 3706 1898 3795 habitus,
1923 3711 2150 3785 humiditate
2164 3736 2254 3785 vero
2271 3712 2448 3808 patentia,
2466 3712 2517 3783 el·

912 3831 1090 3929 „lipticm
1115 3828 1387 3915 obtusiusc'ula,
1412 3828 1581 3925 margine
1594 3825 1852 3922 integerrima,
1887 3849 2005 3897 neruo
2021 3852 2141 3924 vsque
2157 3830 2204 3901 ad
2217 3830 2359 3925 apicem
2373 3827 2517 3923 pertin-

915 3964 1052 4045 „gente
1065 3946 1223 4033 donata,
1259 3947 1416 4018 coloreo
1436 3947 1541 4015 luteo
1554 3943 1616 4013 vel
1636 3939 1722 4012 rufo
1741 3938 1893 4010 obscure
1909 3941 2045 4031 viridi,
2070 3943 2250 4016 inferiora
2270 3946 2417 4015 minuta
2438 3945 2518 4038 ple-

885 4084 1209 4158 .„rumqueaqua
1227 4059 1383 4133 corrosa.
1434 4055 1688 4131 Fructificatio
1712 4055 1872 4127 deerat.“
1893 4095 1941 4113 -
1966 4061 2025 4128 Ex
2041 4060 2110 4130 hac
2129 4060 2395 4154 descriptione,
2418 4076 2516 4129 vtet
2627 4047 2635 4062 ⁰

909 4176 1124 4251 inoneTab.
1133 4181 1202 4247 111.
1211 4175 1276 4273 fig.
1287 4192 1336 4265 4,,
1351 4199 1443 4269 quac
1457 4176 1560 4245 bunc
1571 4184 1746 4245 muccu'm
1760 4169 1862 4258 sistit,
1878 4190 1992 4266 patet,
2010 4174 2106 4244 hanc
2121 4172 2282 4269 stirpem,
2293 4177 2340 4248 ad
2349 4175 2515 4249 Vaillan·

910 4291 1018 4365 tium
1049 4291 1121 4369 sub
1151 4293 1308 4364 nomine
1336 4289 1562 4365 Fontinalin·
1587 4289 1749 4367 minoris
1785 4286 1948 4377 missam,
1979 4289 2081 4361 nihil
2114 4293 2221 4363 aliud
2261 4289 2347 4379 esse,
2398 4314 2514 4386 quam

910 4408 1135 4509 Dichostom'
1169 4413 1424 4506 fontinasor‘des
1462 4406 1681 4481 varietatem
1713 4405 1924 4491 iuniorem,
1968 4401 2143 4478 staturam
2175 4405 2512 4501 ramositatemque‚

904 4524 1095 4599 cinctura
1111 4521 1323 4622 assignatas,
1347 4524 1521 4597 nondum
1549 4523 1722 4615 adeptam
1749 4537 1787 4591 et
1809 4544 1829 4591 a
1853 4516 1977 4602 nostra
1998 4524 2127 4615 planta
2149 4541 2299 4595 tantum
2324 4520 2511 4595 foliorum

901 4640 1035 4715 fornii
1048 4643 1164 4737 paulo
1179 4638 1412 4721 obtusorum
1428 4639 1562 4715 ,minus
1576 4637 1894 4713 ,carinatarumet
1914 4633 2076 4711 siccitate
2099 4664 2178 4711 non
2200 4639 2510 4736 crispescentium

901 4750 1159 4829 differentem.
1211 4761 1398 4853 Magnum
1413 4753 1499 4825 sane
1517 4771 1782 4849 argumentum
1797 4772 1865 4844 pro
1890 4773 2021 4835 eorum
2045 4753 2238 4844 sententia,
2257 4755 2324 4851 qui
2339 4756 2510 4861 plantam

758 4914 773 5049 ι
899 4872 1206 4977 Heduigianam
1226 4870 1401 4978 eamden
1415 4895 1459 4946 ac
1481 4865 1847 4962 Dillenianamcssc,
1881 4885 1919 4955 et
1940 4875 2158 4975 Fortunam
2171 4881 2347 4951 ‚minorem
2378 4872 2510 4945 Florae

2384 5010 2500 5084 regno
