6934 5950
1622 743 1839 793 nnn-abu·-

990 1037 994 1044 ,
1064 980 1139 1055 que
1161 955 1366 1054 elongatis,
1392 951 1499 1025 soliis
1516 949 1640 1024 ouatic
1656 941 1777 1021 acutis
1793 949 1993 1032 concauisa
2009 934 2176 1042 capsulis
2203 947 2345 1033 euntis,
2373 949 2546 1038 cornuis,

981 1069 987 1078 ’
1066 1070 1533 1180 opereulrsacummatrs
1563 1068 1691 1163 Hoffm.
1715 1066 2120 1163 1199991911978.
2165 1070 2392 1142 1191991999.
2431 1071 2546 1139 aare.

1027 1193 1036 1234 ·’
1066 1198 1185 1286 Cappa
1204 1181 1470 1288 99919959.-
1464 1180 2551 1282 119999919Ιί99991911οωὶ1999,99919119191999999·

931 1360 934 1371 .
1066 1307 1139 1380 dis
1191 1311 1275 1380 Dia.
1293 1331 1397 1377 muse.
1414 1334 1450 1408 p
1468 1323 1550 1399 993.
1569 1324 1593 1375 t.
1619 1322 1677 1391 38.
1692 1308 1726 1399 f.
1752 1323 1810 1388 3¹·
1864 1308 2014 1374 (1νί9999.
2025 1306 2084 1374 ·..19
2102 1307 2189 1374 1999ζ
2203 1327 2240 1396 p.
2263 1321 2356 1389 152,-
2347 1301 2547 1373 ·excluso

1065 1421 1457 1515 11911999199999990
1511 1427 1592 1496 1191.
1620 1397 1966 1516 199898919111.
1987 1446 2022 1512 p.
2041 1405 2100 1503 ao.
2118 1438 2205 1504 93.

1033 1561 1038 1574 ’
1160 1575 1282 1649 Germ.
1316 1567 1683 1666 Mousdornfirmiges
1712 1567 1873 1663 Assrnoos.
1951 1569 2046 1646 Gall
2079 1570 2274 1646 Branchuse
2277 1577 2421 1664 prtit-
2407 1524 2551 1645 -199999,

937 1688 943 1697 ’
1059 1668 2177 1798 1199999999119999.,999111999-19911919919111999999.
2229 1659 2310 1742 Dill.

1023 1901 1026 1906 ¹
1161 1824 1209 1897 In
1223 1801 1362 1894 9199119
1388 1832 1425 1886 et
1440 1776 1590 1911 aquosrs
1611 1814 1807 1907 syluaticis
1826 1817 2043 1906 Heluetiae,
2069 1816 2160 1909 (vbi
2181 1818 2333 1914 primus
2351 1819 2401 1892 ad
2419 1821 2566 1900 919911ι

929 1947 1059 2018 Bairon
1081 1935 1219 2034 dieti
1190 1960 1369 2038 rapas,³
1309 1933 1382 2004 lca·
1349 1959 1404 2021 ‹*,r
1432 1959 1519 2010 nam
1539 1933 1715 2005 Hallerua
1733 1957 1814 2010 non
1840 1934 1967 2024 nouit)
1991 1933 2171 2036 Alsatiae,
2198 1923 2456 2038 Tharringiae,
2485 1943 2574 2028 sa,

929 2058 1085 2140 ironiae,
1105 2051 1331 2146 Hercyniae,
1355 2047 1507 2142 Hassrae,
1534 2051 1653 2120 Belv''
1601 2076 1654 2148 gu
1657 2053 1865 2149 ,angliae
1892 2053 2038 2134 §cotiae
2062 2049 2226 2138 habitat,
2253 2051 2351 2122 saxis
2369 2055 2553 2160 riparum
2583 2117 2586 2122 .

873 2167 884 2260 ,¹
927 2177 1150 2270 plerumque
1165 2171 1387 2255 adhaerens,
1413 2167 1517 2261 saepe
1534 2168 1647 2248 etiarn
1663 2167 1811 2250 insieco
1826 2171 1946 2244 vitam
1962 2170 2113 2267 degens.
2148 2169 2402 2267 EPatagouia
2424 2171 2556 2250 eriam

772 2287 777 2302 '
820 2313 823 2327 ·
876 2321 880 2326 ·
930 2290 1124 2367 Dissenius
1147 2285 1301 2381 accepit.
1350 2279 1497 2357 Aestate
1511 2281 1677 2378 capsulae
1691 2289 1839 2385 vigent.
1891 2289 2053 2364 Duratio
2076 2286 2265 2383 perennis.

1026 2517 1029 2522 ,
1164 2415 1345 2510 surculus
1360 2458 1512 2529 repens,
1540 2433 1762 2526 biuncialis,
1791 2441 1964 2539 longior,
1990 2463 2084 2538 vage
2105 2437 2292 2520 ramosus,
2319 2437 2439 2510 ramis
2468 2437 2566 2513 sub·¹

905 2621 909 2628 .
931 2560 1082 2647 9999919,
1099 2558 1140 2628 in
1157 2579 1253 2651 aqua
1267 2577 1357 2630 vero
1379 2550 1698 2642 horisonolibus,
1724 2554 1985 2647 fluitantibus,
2010 2554 2246 2651 compositis,
2274 2554 2557 2644 subteretibua,

931 2701 1049 2772 prope
1079 2673 1267 2771 originem
1295 2668 1499 2756 subnudis,
1533 2655 1697 2765 squamis
1723 2671 1904 2748 breuibus
1937 2668 2046 2748 tectis
2078 2699 2173 2769 quae
2197 2673 2296 2744 nihil
2320 2672 2430 2744 alind
2457 2672 2556 2748 sunt

930 2809 1045 2889 quam
1061 2789 1247 2864 soliorum
1262 2811 1356 2883 aqua
1372 2804 1637 2880 corruptorum
1657 2789 1767 2859 nemi
1792 2789 2023 2886 superstites,
2052 2791 2156 2886 quod
2180 2789 2291 2864 icone
2315 2789 2555 2869 Dilleniana

914 2912 1025 2988 'bene
1042 2909 1288 3003 exprimitur,
1306 2902 1579 3013 ¹saepenumero
1601 2922 1694 2980 terra
1719 2909 1877 2981 99199999
1893 2905 2034 2989 obfiris.
2087 2907 2192 2979 Folia
2209 2903 2428 2994 imbricata,
2456 2931 2554 2982 oua-
2674 2939 2677 2946 ·

930 3028 1235 3114 to·lanceolata,
1258 3018 1476 3108 acutissima,
1514 3020 1582 3107 sub
1606 3024 1750 3118 apicem
1774 3028 1974 3107 tenerrime
1996 3026 2247 3114 denticulata,
2275 3047 2395 3099 neruo
2422 3049 2554 3121 propo

930 3145 1075 3240 apicem
1097 3157 1342 3217 euanescente
1366 3135 1562 3226 instructa,
1601 3141 1809 3236 pellucida,
1840 3168 1996 3216 amoene
2027 3124 2178 3216 viridia.
2255 3138 2552 3224 Perichaetialia
2657 3184 2663 3191 ·

930 3259 1162 3335 imbricatim
1186 3253 1372 3347 conferta,
1405 3256 1571 3345 minem,
1605 3244 1836 3357 angustiora,
1865 3262 1908 3335 in
1927 3285 2084 3331 acumen
2106 3256 2301 3355 pilisorme
2324 3259 2552 3349 terminata,

929 3378 1205 3461 exfaseiculata.
1257 3374 1497 3445 Pedunculus
1514 3399 1533 3445 e
1554 3374 1701 3448 surculo
1718 3384 1880 3460 ramisve
1896 3376 2079 3478 lateralis,
2107 3393 2270 3463 erectus,
2296 3375 2445 3469 apicem
2462 3401 2551 3450 ver.
2581 3476 2586 3484 Ι

928 3495 992 3577 sua
1014 3512 1139 3566 tamen
1165 3490 1494 3578 incuruiusculus,
1519 3517 1540 3562 9
1563 3491 1753 3574 semuncia
1777 3497 1824 3579 ad
1848 3495 1999 3573 vnciam
2019 3496 2178 3590 longus,
2212 3492 2349 3580 laeuis,
2379 3518 2553 3567 amoene

926 3612 1087 3698 rubens,
1124 3608 1394 3714 superna-rpro
1421 3607 1603 3695 luteolus.
1655 3614 1830 3709 Calyptra
1854 3610 2047 3698 subulata,
2073 3609 2276 3711 lateraliter
2297 3606 2419 3680 fissilis
2449 3610 2552 3683 sece-

928 3729 1116 3822 densque,
1142 3722 1294 3818 pallida.
1345 3724 1468 3803 Theca
1484 3749 1637 3817 cernua,
1661 3728 1992 3827 oblongo-onata,
2025 3725 2147 3823 figura
2172 3743 2298 3817 tamen
2327 3725 2549 3820 aliquando

927 3847 975 3927 ad
992 3844 1195 3917 rotundam
1213 3859 1409 3938 vergente,
1434 3846 1652 3915 maturitate
1670 3871 1689 3915 e
1711 3845 1880 3940 spadiceo
1895 3843 2014 3919 fusca.
2066 3845 2297 3948 operculum
2316 3842 2433 3927 ebali
2454 3871 2554 3920 eon·

854 4046 856 4051 ,
926 3966 1022 4041 vexi
1039 3961 1197 4039 rubente
1215 3960 1258 4029 in
1276 3957 1434 4041 rostrum
1450 3962 1629 4054 pallidius
1652 3988 1853 4045 recuruum
1876 3961 2057 4051 (19199999.
2164 4058 2166 4062 Ι
2288 3984 2292 3997 ·

1157 4150 1288 4223 Planta
1304 4151 1557 4245 polymorpha
1575 4176 1661 4223 cum
1682 4179 1872 4226 ramorum
1892 4155 2026 4228 habitu
2041 4165 2083 4227 'et
2099 4158 2241 4241 colore,
2269 4172 2353 4224 tum
2370 4156 2555 4249 capsulae

925 4271 1049 4349 {omri
1071 4295 1176 4343 nunc
1201 4269 1581 4358 errato-rotundam,
1620 4274 1770 4366 qualern
1805 4272 2001 4348 Dillenius
2035 4274 2210 4346 describit
2232 4290 2270 4344 et
2292 4274 2407 4344 icone
2439 4273 2559 4364 sistit,

925 4404 1031 4467 n'tmc
1056 4390 1171 4484 idque
1196 4387 1432 4483 frequentius
1449 4387 1549 4482 apud
1565 4414 1635 4461 nos
1657 4389 1778 4487 magis
1803 4390 1997 4489 elongata,
2022 4409 2066 4464 vt
2094 4389 2345 4497 in'pleriaque
2368 4388 2559 4487 specimi-

925 4508 1042 4585 nibus
1060 4506 1172 4580 video
1190 4523 1310 4605 vtque
1330 4506 1372 4574 in
1390 4504 1587 4602 Hedwigii
1604 4506 1714 4576 icone
1738 4531 1886 4580 cernere
1910 4505 1970 4581 est.
2027 4544 2032 4551 ·

1095 4694 1203 4759 In
1221 4687 1447 4784 Patagonia,
1473 4688 1577 4760 vnde
1592 4691 1706 4765 etiam
1721 4691 1890 4766 adlatum
1904 4694 2039 4767 habuit
2055 4699 2259 4785 Dilleuius,
2288 4700 2417 4770 rariat
2441 4665 2561 4779 soliis

921 4804 1081 4877 obscure
1096 4806 1310 4896 viridibus,
1335 4806 1457 4903 magis
1481 4807 1719 4901 parentibus,
1742 4811 2000 4906 mollioribus,
2025 4813 2237 4910 capsulam
2269 4817 2420 4890 collum
2432 4821 2562 4955 magis

920 4922 1150 4994 contractis.
1201 4926 1283 5000 Dis.
1300 4924 1336 5020 s.
1355 4944 1414 5012 51.
1435 4927 1532 5002 G.

2516 5076 2567 5142 H.
