6934 5950
1763 849 1765 854 ·
2507 829 2576 899 ³75
2684 837 2687 842 '

1391 935 1397 948 1
1584 935 1588 942 -
1686 909 1716 954 Χ
2186 930 2212 948 .·

870 1007 954 1062 sot.
1028 989 1080 1061 Η.
1108 990 1319 1062 snmttsosum
1351 981 1500 1058 surculo
1523 979 1707 1078 depresso,
1740 975 1883 1068 diuiso,
1933 980 2197 1078 subpinnatim
2225 986 2390 1078 ramoso,
2423 993 2580 1074 ramulis
2602 963 2688 1095 ειν,Ι

1072 1103 1079 1114 ’
1112 1100 1667 1197 simplicibus,subteretibus,
1691 1099 1914 1188 attenuatis;
1943 1098 2049 1172 soliis
2069 1101 2214 1194 enatis,
2249 1103 2446 1194 concauis,
2471 1108 2582 1180 obtu-

986 1235 989 1240 “
1094 1219 1180 1322 ¹sis3
1215 1221 1381 1314 capsulae
1406 1218 1609 1302 inclinatae
1638 1214 1866 1309 cylindricae
1881 1219 2057 1312 operculo
2082 1215 2192 1290 ebasr
2216 1220 2345 1291 conici
2369 1219 2580 1322 loug'tffimu

1103 1335 1300 1418 castellato.
1353 1343 1438 1410 Tua.
1466 1343 1505 1409 V.
1515 1337 1577 1433 fig.
1595 1358 1629 1424 5.

1206 1485 1328 1554 Germ.
1356 1481 1689 1574 Urberscbroemmus
1708 1476 1870 1579 Aflmoos.
1920 1478 2016 1555 Gall.
2038 1484 2229 1558 Branchule
2250 1483 2405 1559 lrwude'r.
2457 1489 2579 1580 lippus
2641 1491 2644 1498 '

1112 1599 1248 1674 inauris.
1316 1609 1319 1614 '
2264 1689 2266 1694 Ι

1206 1745 1254 1813 ln
1272 1740 1430 1835 Alpium
1440 1739 1737 1812 51-lelueticarum
1755 1737 1926 1812 humidis
1943 1756 1979 1810 et
1996 1756 2112 1832 prope
2127 1739 2319 1811 Lutetiam
2338 1742 2380 1814 in
2394 1719 2585 1838 Sequanae
2622 1777 2624 1782 ·
2644 1803 2648 1812 .

906 1857 911 1862 ’
973 1857 1243 1936 st-riuulorum
1262 1859 1460 1932 inundatis
1480 1858 1637 1929 habitae
1690 1862 1734 1927 In
1747 1857 1848 1928 meis
1865 1855 2149 1950 speciminibus,
2162 1855 2330 1954 Augusto
2345 1860 2473 1948 lectis,
2501 1885 2584 1955 cap·

970 1978 1071 2050 sulae
1088 1975 1273 2074 perfectae
1290 1977 1466 2046 nondum
1479 1993 1604 2046 tamen
1625 1991 1792 2046 manuae
1811 1992 1934 2059 erant;
1960 1977 2084 2069 primo
2099 2000 2185 2048 vere
2198 1975 2446 2070 piobabiliter
2461 1975 2581 2056 floret.

968 2096 1137 2169 'Duratio
1155 2094 1339 2189 perennis.

1205 2240 1386 2311 Surculus
1415 2232 1619 2332 depressus,
1661 2233 1826 2323 diuisus,
1865 2233 1967 2306 varie
1994 2237 2180 2324 ramosus,
2225 2237 2338 2308 ramis
2361 2238 2584 2332 plerumque
2616 2321 2622 2350 Ι

959 2355 1088 2430 -semel
1106 2356 1298 2451 pinnatis,
1326 2353 1531 2448 aliquando
1556 2350 1675 2423 etiam
1687 2377 1783 2450 vage
1800 2350 1971 2441 ramosis,
1998 2353 2155 2425 ramulis
2172 2354 2220 2424 ad
2234 2355 2417 2450 angulum
2427 2369 2582 2426 acutum

978 2475 1212 2558 orientibus,
1243 2469 1498 2566 simplicibus,
1533 2467 1807 2556 subteretibus,
1833 2470 1970 2540 leuiter
1989 2469 2205 2542 attenuatis.
2256 2469 2362 2542 Folia
2377 2469 2488 2541 dense
2508 2471 2580 2541 im·

971 2591 1134 2680 bricata,
1162 2607 1292 2675 errata,
1321 2611 1504 2672 concaua,
1531 2575 1684 2670 obtusa,
1705 2585 1948 2656 ductulorum
1967 2583 2149 2658 fasciculo
2165 2586 2330 2658 breuiter
2342 2584 2583 2660 euanescente

972 2705 1172 2793 instructa,
1197 2709 1239 2776 in
1256 2705 1396 2776 surculi
1414 2722 1518 2799 parte
1536 2701 1715 2773 inferiore
1731 2702 1881 2774 sordide
1900 2706 2141 2791 latescentia,
2168 2706 2209 2775 in
2236 2705 2418 2799 superiori
2432 2729 2522 2777 vero
2538 2721 2584 2777 vt
2674 2681 2679 2690 ι

974 2845 1011 2898 et
1026 2827 1068 2895 in
1090 2825 1246 2895 ramulis
1272 2848 1291 2891 a
1311 2822 1430 2893 viridi
1461 2820 1710 2908 latescentia,
1751 2820 1943 2913 utrimque
1957 2819 2249 2913 paoentiuscula,
2276 2821 2377 2893 vnde
2396 2822 2491 2894 rami
2506 2822 2582 2914 pla·

974 2943 1153 3017 uiusculi.
1206 2937 1486 3011 Perichaetialia
1508 2913 1740 3008 imbricatim
1762 2931 1944 3026 conferta,
1970 2961 2094 3031 parua,
2120 2933 2284 3037 angusta,
2307 2936 2583 3015 exfasciculan.

947 3142 950 3147 ,
970 3063 1218 3137 Perlunculus
1235 3060 1276 3129 in
1293 3057 1441 3128 surculo
1461 3055 1622 3125 ramisve
1636 3056 1813 3140 lateralis,
1840 3073 1993 3143 erectus,
2020 3056 2168 3127 circiter
2181 3056 2362 3144 uncialis,
2379 3056 2582 3149 solitarius,
2637 3036 2640 3043 ¹

955 3179 1114 3263 .-·.1aeuis,
1152 3176 1224 3246 basr
1246 3178 1342 3245 laete
1363 3196 1592 3267 purpureus,
1618 3173 1753 3260 'colore
1782 3171 1926 3263 apicem
1956 3172 2083 3244 versus
2113 3171 2246 3246 sensim
2275 3174 2316 3245 in
2342 3175 2583 3268 pallidiorem

912 3370 919 3379 ,
976 3298 1234 3371 aurantiacum
1275 3293 1447 3363 abeunte.
1500 3290 1689 3381 Calyptra.
1707 3286 1896 3370 subulata,
1936 3288 2140 3357 lateraliter
2171 3286 2287 3359 lislilis
2316 3288 2583 3386 secedensque,

967 3408 1126 3513 pallida.
1180 3411 1336 3506 capsula
1356 3408 1549 3479 inclinata.
1602 3405 1725 3474 Theca
1749 3402 1942 3497 elongata,
1971 3402 2201 3493 cylindrica,
2224 3405 2442 3491 maturitate
2464 3406 2583 3479 serru-

975 3536 1098 3635 ginea.
1152 3532 1382 3627 Operculum
1403 3552 1425 3597 e
1440 3522 1514 3597 basi
1529 3522 1716 3622 purpurei
1742 3518 1872 3591 conica
1898 3518 1939 3589 in
1956 3516 2116 3591 rostrum
2132 3521 2320 3616 capsulam
2336 3525 2583 3621 longitudine

974 3653 1037 3727 bis
1053 3652 1228 3739 metiens,
1255 3642 1512 3720 tenuissimum
1528 3636 1787 3714 nuncsursum
1804 3660 1909 3711 nunc
1923 3633 2095 3711 deorsum
2113 3637 2294 3735 spec-tans,
2321 3640 2442 3712 diluta
2453 3665 2584 3716 auran·

975 3774 1122 3844 siacum·
1134 3765 1316 3841 desinens.

1204 3930 1264 4008 Ab
1279 3938 1404 4031 slypno
1431 3932 1562 4005 arurab‘
1578 3923 1684 4026 quod
1700 3921 1934 4007 ramulorum
1951 3940 1988 3995 et
2000 3918 2185 3995 soliorum
2199 3919 2319 3996 forma
2337 3924 2510 4020 proxima
2528 3954 2581 4000 re·

973 4056 1048 4131 sert
1074 4081 1160 4129 cum
1188 4053 1329 4150 patrii,
1369 4046 1679 4146 quandoquidem
1701 4044 1744 4115 in
1770 4042 1866 4115 locis
1891 4040 2107 4113 siccioribus
2131 4062 2340 4136 numquam
2364 4043 2578 4135 reperiatur,

975 4192 1059 4249 tum
1074 4170 1230 4245 ramulis
1248 4193 1328 4240 non
1342 4164 1546 4239 confertim
1568 4164 1699 4236 erectis
1714 4156 1775 4233 sed
1792 4159 1982 4255 pinnatim
2008 4154 2215 4253 dispositis,
2242 4170 2280 4227 et
2301 4161 2478 4253 operculo
2494 4160 2577 4231 lon·

975 4294 1061 4393 gius
1086 4286 1293 4375 rostellato,
1322 4278 1459 4355 dissert.
1518 4284 1660 4353 Nonne
1681 4284 1846 4372 Hypatam
1870 4278 2086 4372 r·ru·cr'so!r'um
2112 4276 2217 4357 caule
2244 4293 2395 4372 repente
2419 4276 2577 4351 surculis

972 4406 1126 4483 ramosis
1145 4400 1422 4487 erectiusculis,
1449 4392 1729 4483 teretiusculis,
1756 4386 1862 4465 foliis
1887 4392 2062 4466 oualibus
2086 4393 2280 4483 concauis,
2307 4394 2465 4489 capsulis
2498 4394 2581 4466 sub-

974 4525 1149 4602 rotundis'
1177 4520 1351 4607 cernuis,
1380 4510 1566 4609 operculis
1593 4506 1771 4600 rostratis,
1823 4510 1952 4607 Hoffus.
1966 4518 2067 4584 Dent.
2082 4502 2124 4609 js.
2140 4540 2174 4584 c.
2197 4508 2246 4585 11,
2263 4540 2297 4606 p.
2318 4531 2377 4601 77.
2390 4503 2449 4583 ¹ob
2466 4509 2582 4585 affini·

973 4664 1089 4718 tatem
1105 4668 1191 4713 eum
1202 4649 1323 4734 {laeua
1347 4636 1488 4722 rura-asi,
1518 4635 1592 4702 buc
1607 4632 1720 4703 etiam
1732 4622 1861 4699 reserri
1878 4616 1997 4724 potest
2013 4626 2168 4703 exclusis
2185 4644 2311 4700 tamen
2326 4627 2580 4721 synonymis?

973 4771 1061 4837 Hoc
1080 4763 1122 4832 in
1143 4758 1262 4851 syluis
1286 4751 1469 4826 rmbrosrs
1495 4752 1541 4822 ad
1563 4751 1648 4821 saxa
1672 4748 1859 4835 babitare,
1891 4762 1931 4818 et
1957 4742 2130 4853 alsa'urcb‘
2153 4745 2313 4818 surculis
2338 4744 2580 4837 craslioribus,

970 4880 1081 4955 foliis
1098 4873 1328 4960 maioribus,
1352 4869 1547 4958 ortalibus,
1572 4864 1780 4937 breuissime
1798 4862 1938 4950 acutis,
1963 4885 2081 4933 neruo
2106 4860 2273 4932 breuiori
2295 4860 2485 4959 insignitis
2504 4866 2583 4959 pel·

941 4966 946 4973 Ι
968 4994 1113 5073 lucidis
1134 4968 1344 5079 viridibus,
1370 4984 1607 5083 capsulisque
1630 4978 1861 5081 crassioribus
1877 4973 2203 5067 differre·affimat'
2219 4972 2477 5052 Hoffuraunus
2493 4982 2580 5051 loco

2459 5095 2575 5165 citato
