6934 5950
915 775 986 854 hil
1600 763 1820 792 '‘⁶¹''

1146 955 1271 1027 Germ.
1300 952 1445 1023 Rr'smen
1468 947 1667 1046 &Astraeae
1719 943 2036 1041 Ricmcnjsrmr'ges
2057 938 2220 1038 [plumos.
2262 955 2385 1016 Parra..
2424 939 2533 1014 Gall.

924 1105 942 1158 t
1050 1055 1471 1161 Brancsuncourroyera
1521 1068 1871 1163 Hypnescourrotes.
1894 1064 2075 1138 tantari.
2125 1060 2528 1157 AnglGround-Hyp-

1017 1183 1024 1218 ¹
1051 1191 1285 1260 amalraus

1136 1387 1189 1454 {n
1212 1377 1412 1452 montibus
1430 1382 1604 1473 Europae
1617 1377 1665 1448 ad
1683 1381 1824 1448 terram
1835 1392 1873 1445 et
1889 1374 1972 1446 saxa
1992 1365 2195 1460 habitats
2183 1399 2225 1444 nr
2244 1373 2320 1447 sola
2338 1359 2542 1448 Heluetiri'

911 1505 1105 1592 nondum,
1133 1485 1238 1596 quod
1255 1498 1380 1588 sciam,
1406 1513 1608 1592 repertum.
1660 1498 1693 1566 E
1711 1492 1841 1564 Suesia
1859 1493 1925 1563 ccl.
1943 1499 2096 1565 delussie
2088 1491 2281 1564 rehabuit.
2333 1499 2381 1568 In
2400 1495 2530 1576 Gallia

906 1618 1272 1720 propeLugdunum
1287 1617 1532 1688 inuenerunt.
1583 1610 1698 1708 Apud
1712 1634 1784 1682 nos
1794 1634 1837 1680 ιη
1854 1608 2091 1706 Thuringico
2105 1606 2203 1679 saltu
2215 1608 2377 1681 minime
2393 1636 2530 1686 rarum

907 1739 978 1832 est,
1004 1758 1044 1812 at
1066 1737 1253 1832 capsulas,
1286 1759 1382 1831 quae
1401 1751 1590 1806 autumno
1610 1745 1905 1801 maturescentes
1928 1725 1996 1796 sub
2016 1726 2166 1818 hyemis
2182 1727 2342 1798 initium
2369 1731 2530 1830 vigent,

843 1845 846 1852 ¹
905 1860 1027 1933 rarius
1044 1855 1199 1955 profert.
1254 1858 1392 1925 sructu
1417 1869 1541 1921 tamen
1567 1843 1698 1920 onusta
1723 1845 1930 1940 specimine
1943 1869 2062 1939 prope
2089 1848 2444 1922 TabarsGo'thanae
2467 1850 2532 1924 di-

905 1978 1026 2060 tionis
1044 1973 1194 2072 copiose
1207 1970 1297 2072 legi.
1351 1966 1604 2043 Florescentia
1619 1990 1749 2040 verna.
1801 1964 1965 2039 Duratio
1982 1963 2174 2068 perennis.

1140 2197 1321 2270 Surculus
1351 2179 1503 2289 repens,
1536 2189 1802 2289 longislintuS,
1843 2208 1979 2290 vtpote
2002 2159 2241 2288 semipedalis
2267 2193 2347 2270 imo
2370 2198 2547 2292 pedalis.
2574 2201 2579 2210 .

816 2331 820 2338 '
903 2317 1005 2398 milri
1028 2315 1152 2402 visus,
1188 2312 1359 2410 rigidus,
1394 2309 1581 2399 ramosus,
1615 2311 1729 2382 ramis
1752 2305 2076 2412 subfimplicibus‚
2114 2309 2348 2403 suberectia,'
2368 2316 2531 2410 apicem

903 2435 1178 2511 versusleuiter
1193 2429 1400 2502 attenuatis
1417 2427 1724 2524 momentisque,
1750 2445 1886 2502 trunco
1902 2453 2058 2500 amoene
2073 2427 2233 2502 rubente
2250 2431 2530 2514 rutilantibus,

902 2555 1011 2630 Folia
1038 2555 1123 2652 lpxe
1150 2545 1365 2631 imbricata,
1401 2559 1446 2617 vt
1470 2544 1588 2648 caulis
1614 2527 1817 2639 polluceat,
1862 2549 1996 2644 patulo
2014 2546 2222 2640 ·secnnda‚
2260 2549 2371 2632 ebali
2403 2551 2528 2632 ousia
2633 2559 2636 2566 .

826 2733 829 2738 -
903 2676 1069 2750 concaui
1090 2670 1294 2770 vaginante
1312 2666 1356 2770 in
1370 2663 1543 2742 subulam
1558 2662 1715 2760 longam
1730 2663 2035 2762 canaliculatam,
2061 2659 2317 2760 pilifor'mem,
2350 2670 2402 2742 ad
2418 2669 2529 2746 infe.

845 2847 854 2862 .
903 2795 1003 2867 riora
1021 2789 1252 2877 conuersum,
1279 2785 1347 2857 sub
1362 2787 1466 2858 lente
1478 2779 1804 2854 bonaiserrulatam
1814 2780 2037 2872 'desinentia
2064 2783 2309 2868 tluctulorurn
2326 2785 2527 2866 fasciculo
2640 2843 2643 2850 ,

901 2907 1114 3007 multiplici
1134 2902 1239 2980 strias
1261 2902 1474 2977 aemulante
1496 2900 1539 2971 in
1561 2917 1666 2995 parte
1687 2899 1870 2972 inferiore
1893 2899 2057 2972 concaua
2079 2921 2253 2995 exarata,
2286 2906 2328 2979 in
2355 2905 2377 2979 s
2378 2913 2525 2985 urculo
2633 2996 2641 3007 ,

900 3018 1072 3116 sordide,
1112 3026 1156 3098 in
1184 3023 1300 3095 ramis
1327 3046 1417 3093 vero
1444 3015 1696 3092 amoeniffime
1718 3018 1879 3109 viridia,
1922 3018 2060 3093 sericeo
2081 3021 2278 3119 splendore
2306 3022 2523 3127 fulgentia,
2565 3088 2570 3101 .

900 3122 1038 3221 iriticla.
1092 3143 1132 3216 si
1145 3158 1252 3216 caute
1267 3140 1499 3230 auellantur‚
1527 3136 1619 3210 bafia
1636 3137 1922 3223 semicircularis
1946 3162 2074 3212 croceo
2101 3144 2228 3219 colore
2251 3144 2373 3223 tincta
2397 3172 2523 3246 appa.

899 3285 975 3358 ret,
1004 3262 1109 3363 quod
1131 3257 1477 3361 omnibustmuscis
1500 3282 1691 3353 purpureo
1715 3276 1852 3329 trunco
1872 3259 2051 3352 praeditis
2067 3285 2269 3335 commune
2291 3261 2353 3341 est.
2409 3272 2524 3344 Peri.

883 3383 1097 3460 ¹chae'tialia
1122 3379 1354 3455 imbricatim
1371 3375 1562 3466 conferta,
1588 3378 1749 3454 caulinis
1772 3376 1927 3467 fimilia,
1959 3378 2132 3477 apicibus
2146 3380 2299 3473 reflexa,
2325 3384 2403 3461 bnfi
2429 3415 2527 3467 non·
2605 3364 2618 3377 ⁸

898 3504 1037 3581 striata.
1090 3501 1333 3573 Pedunculus
1350 3498 1393 3568 in
1410 3498 1560 3567 surculo
1577 3514 1645 3567 aut
1660 3498 1741 3568 eius
1762 3497 2015 3570 diuisionibus
2031 3502 2221 3584 lateralis,
2249 3480 2415 3594 erectus,
2439 3509 2519 3585 ses-

898 3622 1082 3698 cuncialis
1104 3618 1309 3695 biunoialis
1342 3634 1380 3689 et
1404 3618 1522 3707 vltra,
1562 3614 1772 3704 solitarius,
1810 3617 1949 3707 laeuis,
1990 3617 2243 3699 amoenislime
2272 3647 2517 3721 purpprcus‚

895 3746 1024 3817 colore
1041 3737 1229 3834 superiora
1242 3735 1371 3811 tersus
1387 3735 1434 3808 ad
1450 3758 1623 3807 croceum
1638 3751 1827 3835 vergente.
1879 3736 2068 3835 vaginula
2082 3741 2215 3838 longa,
2231 3743 2389 3815 conico-
2400 3763 2519 3820 trun.

898 3880 1003 3949 cata,
1027 3856 1175 3931 intense
1189 3870 1384 3952 purpurea.
1437 3857 1612 3950 Calyptra
1629 3872 1746 3944 recta,
1772 3852 1937 3953 angusta,
1956 3880 1975 3928 e
1995 3856 2110 3929 viridi
2124 3857 2293 3935 fuscella.
2346 3866 2517 3960 Capsula

895 3998 1051 4056 nutans.
1105 3972 1486 4069 Thecasubrotunda,
1512 3972 1720 4067 primum
1697 3972 1846 4064 viridis,
1873 3991 1992 4053 aetate
2007 4002 2097 4048 vero
2116 3976 2342 4077 ferruginea,
2364 3978 2514 4060 striata.

892 4097 1107 4194 Opeculum
1125 4116 1354 4177 connexum,
1374 4091 1475 4185 apici
1488 4114 1670 4161 mucrone
1680 4089 1890 4164 brenrllrmo
1908 4092 2110 4170 saturanus
2119 4101 2287 4173 colorato
2303 4099 2515 4198 inficiente,

828 4222 831 4227 '
891 4216 1016 4292 diluto
1032 4235 1278 4309 purpureum
1327 4206 1581 4283 Peristomatis
1598 4209 1729 4281 dentes
1755 4211 1916 4315 ciliaque
1935 4211 2073 4295 albida.

1124 4393 1254 4467 Huius
1275 4394 1436 4469 varietas
1459 4396 1533 4475 orit
1562 4397 1693 4476 minor
1718 4411 1881 4494 Hypnum
1905 4402 2176 4493 heteroplzyllum
2201 4399 2302 4473 soh
2279 4426 2310 4475 s
2336 4406 2512 4483 caulinis
2601 4446 2604 4455 ·

857 4556 860 4560 ·
888 4512 1109 4611 squarrosis,
1136 4510 1376 4583 surculorum
1399 4504 1523 4587 ou'atis
1547 4516 1773 4613 acuminatis
1798 4516 1970 4621 vndique
1996 4517 2160 4611 serratis3
2189 4521 2351 4617 capsulis
2368 4546 2514 4603 ouato·

861 4633 1084 4734 oblongis.
1135 4630 1270 4743 Hostia
1284 4636 1387 4705 near.
1401 4634 1446 4730 fl
1468 4661 1500 4706 v
1516 4636 1561 4709 ll
1576 4663 1614 4730 p.
1631 4636 1691 4707 66.

920 4877 924 4883 .
1122 4819 1182 4892 ab
1202 4824 1327 4915 Hypso
1335 4821 1542 4917 fipuarroso,
1568 4846 1655 4894 cum
1668 4846 1745 4920 quo
1759 4821 1944 4897 Weberus
1961 4823 2184 4913 coniunxit,
2210 4824 2509 4907 diuerfiffimum

887 4931 959 5026 est,
985 4932 1188 5035 quodiam
1208 4937 1428 5013 Ehrhardus
1448 4946 1565 5019 Hans.
1582 4944 1683 5037 Mag.
1704 4951 1867 5041 178⁰·11·
1887 4965 1996 5033 1332.
2013 4943 2110 5019 bene
2126 4944 2237 5020 vidit.
2323 4960 2326 4965 '

2434 5094 2510 5219 ,ΠΙ
