6934 5950
1649 781 1864 803 ’””““”“““
2492 769 2559 876 2'49
2667 867 2676 875 .

1181 968 1307 1062 Hypata
1315 966 1504 1061 fipuarrofir
1515 963 1664 1052 maiori,
1681 961 1770 1037 cnm'
1785 989 1860 1063 quo
1878 957 2247 1060 promiscueh'abitat
2263 959 2427 1051 effloret,
2446 959 2559 1036 sunil-

943 1083 1089 1158 limum
1111 1085 1367 1180 omniumque
1385 1101 1534 1156 tanturn
1552 1084 1717 1179 partium
1734 1084 1902 1155 tenuiori
1930 1083 2064 1172 habitu
2090 1101 2128 1156 et
2149 1084 2326 1176 operculo
2339 1083 2455 1176 paulo
2479 1105 2562 1156 acu»

942 1201 1038 1274 tiore
1050 1200 1095 1296 ab
1110 1224 1155 1272 ao
1164 1197 1370 1274 diuersum.
1426 1201 1615 1299 Equidem
1625 1201 1819 1276 Murrains
1830 1202 2148 1311 etWildenouins
2163 1199 2408 1295 quaelierunt,
2425 1195 2560 1277 annon

940 1344 1013 1418 pro
1030 1318 1151 1414 specie
1173 1316 1348 1390 distincti
1373 1319 1501 1391 haberi
1517 1318 1655 1415 pollet;
1687 1344 1776 1390 cnm
1798 1339 1888 1390 vero
1908 1317 2076 1412 specifica
2100 1314 2311 1405 distinctio,
2345 1341 2459 1414 quam
2487 1341 2558 1392 nec
2672 1307 2674 1312 ⁵

942 1436 1039 1510 folia
1062 1436 1212 1508 minora
1238 1417 1358 1535 nugis
1384 1436 1537 1526 reflexa,
1570 1462 1639 1508 nec
1657 1437 1877 1529 operculum
1899 1438 2013 1529 paulo
2037 1435 2183 1506 acutius
2209 1431 2452 1505 sufficientem
2475 1434 2560 1510 sub.

914 1587 917 1592 ·
942 1549 1171 1640 ministrant,
1199 1552 1301 1644 defit,
1328 1554 1491 1650 separare
1506 1556 1629 1628 nolui.
1683 1555 1847 1625 Videant
1861 1551 2048 1623 acutiores
2063 1550 2291 1647 muscologi,
2317 1552 2560 1648 undas-*erum

944 1669 1149 1744 &acumen
1179 1668 1225 1741 fit
1247 1671 1476 1743 eruendum
1522 1679 1719 1744 Caeterum
1742 1660 1972 1764 'synonymia
1997 1668 2115 1741 huius
2139 1667 2274 1762 speciei
2298 1686 2335 1742 et
2360 1669 2555 1743 varietatis

944 1786 1109 1862 minoris
1130 1786 1225 1857 adeo
1250 1785 1406 1859 confusa
1423 1785 1472 1859 est
1489 1806 1527 1859 et
1542 1805 1604 1860 tot
1625 1785 1956 1859 inextricabilibus
1973 1784 2194 1883 ambagibus
2210 1786 2369 1878 laborat,
2386 1805 2430 1859 vt
2448 1789 2558 1884 plura

945 1902 990 1977 in
1005 1903 1126 1975 dubio
1151 1904 1247 1973 mihi
1271 1904 1517 1999 relinquenda
1539 1902 1696 1976 fuerint.
1751 1904 1813 1976 Sic
1835 1904 1975 1975 dubius
1993 1904 2146 1990 haereo,
2171 1929 2301 1976 annon
2316 1906 2559 1980 Wildenouii
2682 1889 2685 1896 ¹

946 2015 1055 2114 stirps
1077 2019 1128 2091 ob
1152 2038 1306 2091 acutum
1329 2024 1551 2116 operculum
1572 2023 1619 2093 ad
1647 2025 1868 2095 varietatem
1898 2022 2030 2116 potius
2058 2023 2266 2116 pertineam
2303 2049 2399 2095 num
2425 2028 2556 2099 Florae

945 2137 1307 2232 Denicaej.vtraque
1321 2138 1427 2228 {icon
1456 2144 1625 2233 Hypatam
1642 2141 1873 2235 fipuarrosum
1899 2137 2044 2228 'minna
2065 2129 2303 2212 'vt'Retzius
2339 2141 2572 2232 contendit,'

945 2251 1104 2338 referam
1136 2279 1184 2327 an
1211 2255 1411 2327 Vaillantii
1436 2255 1544 2345 icon,
1577 2274 1730 2328 auctore
1753 2256 1947 2344 Dillenio‚
1983 2256 2152 2329 eamdem
2173 2256 2396 2331 varietatem
2424 2259 2555 2359 potius

948 2368 1044 2448 fistat
1061 2388 1135 2446 etc.
1187 2377 1290 2445 Haec
1307 2374 1437 2445 omnia
1452 2373 1582 2448 dubiis
1599 2372 1745 2450 solvere
1768 2397 1927 2448 acumen
1949 2397 2080 2450 meum
2092 2373 2255 2470 superat,

874 2627 933 2702 78.
1001 2615 1055 2690 H.
1068 2611 1336 2710 squarrosulum
1358 2610 1509 2698 surculo
1531 2603 1803 2716 procumbente
1829 2635 1925 2709 vage
1954 2606 2121 2701 ramoso,
2163 2612 2277 2684 ramis
2299 2612 2555 2712 irregulariter
2583 2635 2654 2722 295,

1085 2730 1278 2827 pinnatis,
1311 2730 1469 2801 ramulis
1495 2729 1600 2823 apice
1622 2724 1934 2814 stellifnrnribus3
1967 2725 2072 2799 foliis
2095 2727 2469 2823 lineari-subulatis,
2494 2758 2556 2828 pa·-

1086 2844 1321 2932 tentillrmis,
1355 2844 1591 2932 subcellexis3
1621 2844 1770 2942 capsulis
1788 2843 1995 2937 inclinata,
2030 2846 2224 2960 elongata,
2255 2855 2414 2921 arcuata.¹
2470 2855 2556 2926 Tab.

964 3028 976 3039 .
1084 2965 1241 3066 W·f·2·

1086 3229 1121 3294 fl
1180 3120 1302 3190 Germ.
1316 3121 1495 3192 Klaimrer
1502 3115 1891 3215 sparrs’chtesAstmoor.
1920 3121 2015 3198 call.
2030 3120 2221 3198 Brancbule
2231 3082 2377 3196 le'rlssc'e
2388 3128 2553 3196 mineure.

1116 3258 1205 3330 ypne
1232 3240 1344 3306 rudet.

1181 3389 1228 3455 In
1253 3382 1358 3485 lylua
1380 3378 1585 3476 Kranebarg
1605 3344 1724 3479 prope
1739 3344 1903 3453 Gothum
1928 3398 1966 3452 et
1981 3381 2024 3453 in
2040 3381 2202 3477 Alpibus
2227 3384 2449 3460 Sanenlibus
2468 3393 2555 3463 l-lel-
2575 3386 2578 3391 ’
2629 3366 2634 3377 ¹

948 3498 1233 3597 vetitainueni.
1284 3498 1417 3573 Mense
1434 3498 1604 3598 Augusto
1618 3502 1747 3573 thecae
1759 3499 1838 3572 iam
1851 3495 2007 3573 effectae
2023 3516 2139 3607 erant.
2190 3503 2352 3574 Duratio
2362 3507 2552 3599 perennis.

1180 3655 1360 3728 Surculus
1376 3651 1648 3749 procumbens,
1676 3642 1846 3741 diuisus,
1877 3649 2130 3757 diuifionibus
2151 3649 2407 3755 irregulariter
2420 3654 2555 3751 pinna·

946 3769 1019 3861 tis,
1044 3772 1202 3845 ramulis
1225 3772 1476 3868 fimplicibus,
1496 3770 1780 3868 inaequalibus,
1807 3768 2093 3866 patantillimis,
2128 3769 2233 3866 apice
2256 3768 2358 3866 quafi
2385 3768 2553 3851 stellatis.

831 3966 838 3979 ,
949 3892 1125 3963 Truncus
1148 3889 1190 3959 in
1207 3872 1358 3962 surculo
1371 3888 1589 3975 obscurius,
1614 3888 1658 3960 in
1683 3888 1798 3961 ramis
1822 3888 1959 3961 laetius
1982 3888 2131 3961 viridis.
2183 3887 2289 3960 Folia
2310 3890 2396 3963 laxe
2421 3891 2553 3967 imbri·

948 4022 1041 4097 cata,
1066 4005 1142 4080 bali
1155 4008 1358 4080 latiuscula
1373 4011 1517 4081 caulem
1536 4005 1819 4102 amplectentia,
1843 4005 1935 4077 inde
1952 4002 2301 4091 lineari-subulam,
2328 4008 2552 4107 plerumque

873 4208 883 4215 ,
946 4124 1202 4225 anangulum
1223 4143 1368 4199 rectum
1393 4126 1691 4221 patentiuscula‚
1726 4123 1933 4217 aliquando
1953 4108 2242 4210 reflexi'useula,'
2266 4121 2576 4231 exfasciculata„

944 4244 1044 4327 lacto
1059 4243 1218 4333 viridia,
1250 4245 1422 4340 apicibus
1443 4242 1693 4317 filiformibus
1714 4238 1916 4335 pellucido.
1945 4238 2248 4313 'Perichaotialia
2269 4240 2311 4312 in
2328 4244 2550 4336 cylindmm

944 4360 1138 4454 conforta,
1170 4381 1309 4454 erecta,
1346 4363 1510 4436 caulinis
1529 4359 1666 4433 limilia
1687 4358 1902 4453 pariterque
1911 4380 2044 4427 :neruo
2066 4344 2255 4432 aestima.
2305 4360 2575 4439 Pedunculus·
2661 4405 2665 4411 ·

903 4506 918 4551 ·.
943 4478 989 4552 in
1012 4476 1162 4559 surcido
1183 4480 1368 4572 lateralis,
1401 4496 1545 4553 erectus
1555 4468 1576 4567 ,”
1594 4474 1806 4566 solitarius,
1840 4470 1920 4546 fere
1940 4472 2124 4567 uncialis,
2147 4476 2288 4568 laeuis,
2321 4500 2546 4574 purpureus.

940 4578 1100 4693 'capsula
1122 4597 1316 4684 inclinata.
1368 4599 1490 4671 Theca
1515 4597 1710 4693 elongata,
1734 4609 1900 4686 arcuata,
1921 4591 1991 4667 sub
2014 4618 2078 4668 ore
2102 4611 2312 4693 contracta,
2342 4594 2546 4674 ncesoeno

941 4716 1119 4821 Colyptra
1136 4717 1431 4813 operculumque
1452 4714 1553 4789 mihi
1572 4712 1721 4813 ignoto.
1996 4706 1999 4711 ’

963 4942 1000 4959 .,.
1030 4887 1056 4951 .“
1155 4882 1253 4955 Diu
1273 4906 1342 4978 pro
1360 4884 1664 4995 Hypnlssrsarross
1678 4884 1859 4989 variante
1874 4858 2024 4987 minoio
2043 4884 2178 5003 babui,
2202 4850 2413 4981 aclrabitus'
2425 4886 2545 4991 longe
2569 4846 2575 4909 ἶ

940 4999 1126 5091 tenerior,
1154 5016 1312 5079 nuncu
1335 5026 1417 5079 non
1436 5002 1798 5102 purpurascens'laa
1816 5004 1983 5098 miclau
2006 4994 2543 5110 fflliaffl'ffm'wgrlfilffima

967 5146 972 5167 -·
1021 5174 1027 5181 -
1084 5122 1096 5187 ι’
1703 5128 1739 5197 Τ
1765 5141 1787 5214 3
1832 5134 1835 5141 “
2390 5123 2544 5225 potius·
