6934 5950
1406 674 2024 700 *w*
2473 687 2519 758 aa

1098 844 1444 941 Vbiquein-Syluis
1462 839 1676 938 praesertim
1690 839 1880 939 abiegnis,
1908 821 2075 930 ericeiis,
2098 844 2315 941 uliginosis,
2338 848 2518 944 virgulte-
2578 810 2589 830 ”
2638 839 2651 866 “

913 967 974 1058 ,tis
996 962 1295 1037 humidiusculis
1321 960 1443 1029 totius
1460 962 1650 1050 Europae,
1680 956 1775 1028 item
1795 957 1897 1029 Asiae
1927 976 1964 1028 et
1987 941 2528 1059 Americaeseptenrtrionalis·
2555 1049 2561 1062 ·

919 1079 1104 1180 gregatim
1118 1077 1283 1148 habitat..
1329 1082 1420 1148 Vere
1441 1071 1609 1166 capsulae
1622 1073 1766 1178 pigent,
1792 1090 1977 1147 autumno
1989 1063 2175 1169 polline'm
2192 1078 2384 1165 emittunt,
2409 1095 2531 1151 tunm.

915 1222 994 1294 que
1008 1196 1118 1268 flores
1134 1191 1307 1262 subeunt.
1359 1188 1520 1261 Deuotio
1534 1189 1730 1284 longaeua.

980 1353 988 1404 '¹
1093 1379 1267 1446 Truncus
1292 1370 1333 1440 in
1355 1369 1531 1442 masculis
1555 1386 1714 1457 erectus,
1740 1369 1863 1441 rosuli
1876 1369 2066 1445 solionun
2094 1373 2388 1474 perigouialium
2410 1397 2517 1451 acute

919 1487 1122 1566 enatorum
1142 1488 1387 1572 terminatus,
1411 1482 1716 1579 finrplicislirnus3
1743 1481 2049 1560 foecurrnauonis
2075 1506 2201 1560 autem
2224 1515 2334 1587 opere
2349 1492 2537 1587 perfecto¹

916 1634 941 1681 e
955 1617 1093 1706 centio
1106 1605 1434 1680 continuationem
1451 1601 1518 1687 sui,
1533 1600 1645 1672 etiam
1666 1599 1733 1671 sno
1751 1617 1932 1696 tempore,
1949 1599 2174 1698 proliferum
2194 1607 2389 1695 emittens,
2414 1611 2516 1682 vnde

918 1726 1039 1799 caulis
1056 1709 1213 1823 singulis
1229 1717 1339 1790 annis
1358 1719 1410 1788 ita
1426 1717 1668 1789 continuatus
1686 1732 1804 1786 aetate
1821 1715 2055 1814 longissimus
2073 1718 2211 1793 euadit.
2500 1706 2520 1790 i

1094 1909 1267 1976 mineus
1292 1902 1334 1972 in
1354 1897 1532 1971 foeminis
1556 1914 1719 1983 erectus,
1742 1897 1964 1994 plerumque
1979 1899 2153 1995 simplex,
2177 1921 2257 1974 atro
2270 1930 2514 2000 epurpureus,

919 2021 1165 2120 longitudine
1181 2021 1274 2092 adeo
1288 2018 1429 2101 varius,
1443 2031 1487 2084 vt
1503 2015 1570 2109 qui
1586 2014 1626 2108 in
1644 2013 1758 2085 aridis
1782 2015 1930 2109 aliquot
1953 2035 2105 2089 tantum
2126 2019 2245 2090 lineas
2262 2022 2361 2092 altus
2383 2021 2445 2108 fit,
2472 2026 2515 2093 in
2553 2087 2562 2102 ,

925 2139 1025 2210 locis
1042 2137 1127 2210 vdie
1138 2135 1315 2234 piguibus
1332 2130 1493 2228 Angliae
1508 2146 1546 2200 et
1561 2130 1684 2226 Belgii
1695 2130 1744 2200 ad
1762 2131 1943 2225 pedalem,
1969 2135 2049 2205 imo
2064 2135 2106 2204 in
2122 2135 2278 2222 Alsatial,
2306 2133 2393 2207 teste
2408 2145 2517 2233 Map-

928 2256 1009 2352 pio,
1033 2253 1080 2326 ad
1092 2251 1287 2324 cubitalem
1302 2246 1587 2345 longitudinem
1601 2261 1802 2330 excrescat,
1830 2242 1978 2318 inferne
1994 2248 2213 2344 subrepens,
2237 2253 2516 2349 maximamque

924 2372 975 2448 cd
987 2388 1131 2466 partem
1145 2386 1259 2440 terrae
1275 2362 1484 2436 immersus.
1527 2361 1631 2432 Folia
1647 2357 1827 2433 inferiora
1842 2362 2014 2450 minima,
2038 2364 2372 2459 squamuliformia,
2397 2367 2516 2458 fulua,

920 2486 1102 2583 squalida,
1123 2483 1233 2556 dense
1253 2500 1388 2552 tnurco
1405 2473 1679 2571 circumposita,
1702 2475 1889 2570 superiora
1906 2478 2023 2573 sparsa
2039 2480 2247 2579 longissnna
2261 2487 2430 2583 margine
2449 2467 2517 2558 sei·

921 2607 1054 2689 tulate,
1076 2605 1176 2673 laete
1191 2598 1328 2670 viridia
1343 2598 1445 2690 apice
1460 2594 1604 2670 tubello
1621 2591 1768 2678 reslexo,
1795 2590 1953 2664 srccitate
1970 2597 2067 2665 carrli
2085 2596 2253 2692 appresla,
2275 2601 2444 2694 apicibus
2465 2621 2518 2673 ta·

923 2746 1012 2792 men
1028 2717 1270 2792 exstantibus.
1322 2711 1598 2785 Perichaetialia
1612 2704 1822 2804 longissima
1848 2706 1919 2777 basr
1943 2710 2219 2782 membranacea
2233 2713 2316 2783 alba
2337 2716 2516 2811 vaginan·

916 2839 987 2916 tia.
1012 2873 1017 2882 ·
1036 2835 1277 2908 Pedunculus
1294 2846 1448 2915 erectus,
1470 2823 1704 2907 terminalis·
1715 2820 1917 2909 solitarius,
1943 2823 2036 2894 duas
2051 2825 2098 2894 ad
2114 2844 2276 2921 quatuor
2289 2830 2417 2901 vncias
2431 2836 2515 2902 lon·

921 2978 1007 3055 gns,
1033 2953 1175 3024 elnteo
1194 2968 1422 3045 purpureus,
1445 2938 1660 3035 splendens,
1685 2935 1886 3034 vaginulae
1906 2937 2133 3029 cylindricae
2158 2939 2358 3017 saturatius
2378 2946 2518 3019 cebra-

920 3090 982 3144 tae
996 3067 1172 3142 insertus.
1224 3064 1395 3153 Calyptra
1410 3082 1478 3150 pro
1494 3056 1619 3125 thecae
1636 3051 1836 3122 volumine
1851 3076 1976 3145 parua,
2003 3056 2049 3125 ad
2066 3055 2209 3150 apicem
2223 3079 2344 3151 vsque
2356 3061 2517 3133 laterali·

889 3164 1083 3270 Etanna,
1110 3177 1357 3276 planiuscula,
1385 3158 1748 3255 fusco-flauescens,
1777 3153 2008 3264 glaberrima,
2029 3172 2257 3243 indumento
2275 3191 2400 3244 autem
2420 3177 2518 3269 pilo·

909 3290 972 3374 sso
985 3293 1255 3370 aurei'coloris
1278 3314 1298 3360 e
1324 3283 1589 3385 paraphysrbus
1616 3282 1696 3353 eius
1726 3285 1824 3376 apici
1851 3288 2098 3380 agglutinatis
2126 3286 2331 3382 composrto
2353 3277 2515 3364 nestitae.

929 3417 1048 3489 Theca
1065 3427 1203 3496 erecta,
1232 3399 1557 3502 quadrangularis,
1584 3413 1702 3466 aetate
1715 3421 1917 3489 purpurea,
1946 3401 2125 3493 apophysr
2141 3403 2311 3473 circulari
2327 3405 2441 3475 viridi
2456 3410 2518 3477 vel

926 3532 1054 3609 fuscae
1069 3521 1376 3624 superimposita,
1388 3515 1519 3591 effoeta
1535 3536 1668 3584 cernua
1687 3514 1750 3583 vel
1765 3529 1916 3584 nutans.
1969 3518 2197 3608 operculum
2217 3542 2235 3586 e
2257 3516 2331 3588 basi
2351 3520 2519 3610 planius·
2549 3596 2554 3607 ¹

924 3651 1012 3727 arla
1026 3640 1323 3743 pyramidarum,
1345 3633 1542 3735 pallidum,
1568 3631 1632 3700 ori
1648 3631 1844 3723 purpurea,
1872 3653 1947 3725 quo
1967 3629 2186 3701 abscedente
2201 3629 2440 3729 epiphragma
2457 3633 2519 3705 de·

924 3754 1192 3868 piehenditur‚
1221 3778 1353 3848 nempe
1373 3748 1587 3820 membrana
1603 3747 1746 3834 tenuis,
1781 3745 1966 3834 albicans,
1995 3740 2241 3838 peristomatie
2263 3747 2436 3819 dentium
2456 3753 2516 3839 64.
2602 3728 2608 3741 ⁸

927 3902 1087 3963 numero
1104 3873 1272 3971 apicibus
1289 3868 1533 3968 agglutinata,
1559 3863 1759 3957 thecaeque
1774 3879 1984 3957 aperturam
2002 3877 2130 3931 exacte
2143 3863 2331 3935 claudens.

1098 4053 1316 4153 Aliquando
1341 4069 1517 4123 truncum
1538 4042 1758 4117 disciferum
1779 4044 1821 4115 in
1847 4043 2119 4140 capsuligerum
2144 4045 2320 4129 mutari,
2337 4012 2458 4140 sicque
2478 4046 2521 4121 in

929 4162 1233 4253 aiterum'sexum
1247 4160 1534 4258 metamorphos
1548 4186 1629 4231 non
1644 4157 1754 4232 facilc
1769 4158 1986 4255 explicanda
2005 4157 2152 4231 transire
2167 4157 2405 4273 obseruatum
2419 4158 2489 4236 esi.-

869 4412 930 4479 63,
959 4394 1026 4463 -·P.
1044 4390 1285 4491 juniperinum
1305 4395 1439 4455 trunco
1462 4370 1639 4465 srnrplici3
1672 4370 1780 4443 foliis
1803 4370 1938 4443 lineari
1952 4412 1965 4425 ·
1980 4371 2218 4456 lanceolatis,
2243 4369 2518 4464 integerrimis,
2542 4408 2572 4453 2,
2641 4438 2645 4446 ,

1067 4498 1190 4577 carini
1211 4493 1347 4573 scabris
1369 4489 1583 4561 membrana
1607 4485 1690 4559 alba
1711 4485 1863 4557 reducta
1887 4483 2099 4565 instructis3
2134 4483 2300 4578 capsulae
2320 4485 2524 4587 tetratidrae
2559 4534 2565 4545 ·

946 4692 951 4699 ,
1068 4611 1243 4713 operculo
1260 4603 1366 4683 ebasr
1381 4601 1668 4707 planalbreuiter
1688 4619 1725 4671 et
1743 4599 1898 4696 oblique
1911 4616 2145 4707 mucronato.

1032 4828 1035 4837 ·
1103 4784 1338 4875 Pasyralelum
1345 4782 1586 4875 juniperr'num
1602 4773 1706 4843 caule
1721 4767 1881 4863 simplici
1887 4795 1900 4852 3
1924 4766 2032 4842 foliis
2047 4767 2181 4838 lineari
2191 4769 2441 4861 lanceolatis,
2465 4773 2527 4845 in·-

989 4926 994 4933 ·
1070 4896 1307 4998 agminis,
1322 4887 1565 4970 -rnucronatis
1578 4886 1747 4983 ,tamis
1769 4881 1966 5056 (plangis,
2001 4882 2227 4980 tententia-
2269 4884 2523 5058 thdcl’roqq

1740 5010 1748 5025 .
1830 5005 1852 5058 Ω
2214 4998 2231 5027 .
