6934 5950
804 819 874 890 apo
1492 782 1709 805 ''⁸'‘—

800 975 847 1048 ad
867 949 1009 1044 nostras
1027 969 1200 1040 reducere
1212 966 1367 1055 valebit,
1394 965 1460 1036 itte
1476 964 1574 1034 mibi
1589 962 1660 1034 crit
1676 989 1839 1064 magnus
1856 968 2009 1062 Apollo.
2061 973 2108 1040 In
2127 971 2287 1044 rudibus
2303 971 2426 1050 scien-

800 1095 875 1164 tiae
895 1088 1197 1190 promordiisars
1215 1084 1438 1156 obseruandi
1464 1081 1773 1180 describendique
1797 1086 1937 1178 pariter
1960 1084 2172 1164 deficiebat.
2251 1090 2428 1166 Habitus

800 1209 902 1280 sotus
923 1207 1060 1300 raptim
1076 1202 1375 1278 confiderabatur
1390 1220 1428 1273 et
1446 1201 1670 1273 innumeros
1687 1225 1829 1272 errores
1854 1218 1966 1274 etam
1989 1200 2118 1276 fallaci
2146 1206 2298 1276 criterio
2323 1209 2424 1280 orbi

803 1324 962 1424 potuisse
977 1343 1014 1394 et
1038 1320 1201 1394 debuisse
1217 1347 1329 1392 nemo
1346 1323 1399 1392 rei
1420 1320 1610 1396 herbariae
1629 1321 1690 1392 rel
1705 1322 1908 1420 paululum
1924 1344 2064 1419 gnarus
2090 1347 2170 1396 non
2187 1323 2349 1397 ridebit.

1027 1539 1155 1602 Vnum
1174 1499 1323 1602 titutum
1344 1528 1409 1602 hic
1423 1529 1626 1601 dicendum
1642 1526 1821 1624 superest,
1848 1553 1985 1626 nempe
2006 1529 2177 1627 quinque
2199 1535 2325 1624 Hypur'
2342 1531 2427 1626 spe·

801 1657 875 1727 cies
895 1648 1094 1723 aForstero
1111 1648 1263 1722 iuniore
1286 1644 1474 1740 persuum
1493 1647 1588 1717 circa
1609 1664 1847 1746 terraqueum
1870 1645 2029 1748 globum
2046 1651 2118 1722 iter
2134 1651 2185 1721 in
2201 1647 2348 1722 Infulis
2367 1649 2432 1722 so.

803 1771 947 1844 rietatis
965 1767 1181 1838 obseruatus
1194 1761 1314 1835 fuisse.
1336 1791 1340 1798 ·
1367 1769 1463 1834 Cum
1484 1763 1569 1835 illas
1592 1789 1683 1838 tero
1707 1784 1863 1860 propter
1887 1763 2196 1840 snrctificationis
2226 1765 2433 1840 defectum

802 1911 871 1960 nec
895 1883 1144 1978 descripserit,
1171 1907 1240 1952 nec
1260 1881 1585 1964 denominamur,
1613 1882 1675 1953 sed
1702 1902 1853 1956 tantum
1875 1884 1918 1956 in
1933 1886 2153 1981 Appendiee
2176 1885 2224 1956 ad
2243 1887 2434 1970 Florulag

804 1999 983 2076 Australis
1006 2000 1253 2094 prodromum
1273 2027 1309 2092 p.
1337 2022 1397 2092 93.
1425 1997 1670 2086 indicauerit,
1713 2025 1759 2069 an
1791 2000 1930 2093 species
1959 2027 2083 2074 nouae
2108 2000 2256 2074 fuerint
2282 2027 2358 2073 nec
2377 2025 2433 2072 ne

805 2119 1021 2214 ambigitur.
1073 2118 1162 2186 Illas
1178 2139 1267 2185 vero
1285 2117 1454 2209 proprias
1470 2139 1667 2210 nouasque
1682 2117 1819 2211 species
1842 2116 1910 2188 esse
1925 2116 2035 2190 facile
2052 2120 2199 2208 credet,
2223 2121 2296 2216 qui
2316 2145 2436 2214 repu-

807 2238 920 2320 tabit,
947 2236 1142 2330 plerasque
1165 2230 1293 2326 stirpes
1312 2233 1354 2302 in
1375 2228 1557 2302 Australia
1581 2233 1695 2303 lectas
1717 2233 1758 2302 in
1779 2235 1889 2303 nullo
1911 2231 1987 2316 fere
2012 2235 2078 2306 alii
2096 2252 2279 2308 terrarum
2299 2253 2434 2308 tractu
2470 2299 2476 2320 ,

806 2353 971 2450 reperiri.
1024 2356 1211 2420 Praeterea
1235 2349 1262 2423 fi
1286 2329 1430 2421 mirseis
1452 2345 1680 2420 nostratibus
1714 2352 1877 2422 omnino
1910 2349 2085 2443 fuissent,
2120 2354 2208 2425 haec
2242 2350 2435 2430 affinitas,

808 2475 924 2561 huius
946 2486 1099 2544 naturae
1125 2463 1404 2568 inuestigatoris
1420 2489 1577 2540 acumen
1593 2489 1673 2539 non
1687 2461 1890 2566 effugisset,
1918 2495 1986 2544 nec
2007 2469 2073 2543 ille
2099 2469 2144 2543 de
2163 2494 2203 2543 ea
2221 2467 2404 2548 siluisset.
